2588 4214
982 174 990 182 ”
1035 200 1127 275 ,vn

114 374 225 497 ilmgm
242 354 408 496 sublgneari
424 355 504 415 letus
522 354 690 415 androecei
710 351 964 436 semite'gentibus
984 358 1087 437 (dorso
1104 387 1162 428 au·

136 439 239 496 roecei
263 460 304 495 nu
328 442 368 511 o).

205 597 367 661 Stamina
390 597 450 674 103
466 591 659 681 filamenta
680 619 774 681 supra
798 600 935 662 medium
959 605 989 663 in
1015 588 1195 686 vaginam'⁸

114 681 266 760 integram
287 691 433 757 connata,
451 682 524 740 inde
545 681 661 754 libera,
678 683 836 760 inaequalis
857 681 1078 763 longitudinis:
1097 708 1161 772 pc·

95 760 198 829 'talis
230 763 389 846 oppositu
420 767 450 823 in
484 762 637 821 alabastro
668 763 829 837 breviora,
861 780 936 822 mox
964 768 1106 848 elongata
1130 760 1176 831 et*
1256 798 1260 806 =

115 856 186 927 post
205 845 348 903 anthesin
373 865 467 923 quam
494 841 623 926 aepulis
652 841 809 925 opposito
832 846 983 924 longiora.
1026 850 1163 912 Antte.

116 946 168 987 1·ae
197 927 263 984 basi
295 926 451 984 filamento
478 925 595 1003 allisae,
628 928 720 984 etiam
751 925 869 986 alterne
897 918 1078 1008 inaequalest
1109 953 1164 993 ae-

115 1007 210 1089 pulis
233 1006 406 1090 oppositae·
420 1007 577 1084 oblongae,
599 1007 818 1086 praecociores3
849 1005 978 1090 petalis
999 1011 1166 1094 oppositae

118 1089 503 1162 rotundato-reniformes,
535 1089 673 1147 seriores.
727 1083 847 1148 Pallen
875 1092 907 1149 in
938 1100 1083 1171 utraque·
1107 1116 1166 1155 uu·-

117 1169 206 1229 tbera
238 1170 368 1250 aequale,
395 1170 605 1248 triangulare,
639 1163 734 1243 laev‘e,
769 1173 913 1230 cicatrice
941 1175 1168 1254 conjunctionis

117 1254 326 1331 quaternuriae
345 1262 496 1311 notatum.

211 1426 376 1491 Ovnrinm
391 1430 543 1504 liberum,
564 1429 684 1501 sessile,
706 1425 822 1487 nudum
843 1432 911 1503 (nec
934 1431 1169 1513 raginalatumt

101 1512 442 1572 'bi-multionulatum.
482 1508 599 1594 Slyluc
621 1511 785 1586 filisorrnis,
807 1513 876 1590 plus
888 1513 989 1570 minus
1011 1524 1169 1593 curvatus,

125 1593 241 1672 glaber.
289 1591 432 1674 Stigma
454 1594 634 1669 terminale,
656 1591 906 1668 aubronmdum,
929 1591 1119 1653 barbatum*
1198 1606 1202 1612 ’

209 1769 322 1833 Ovula
347 1774 435 1831 initio
466 1768 781 1844 sub-adscendentia,
806 1789 875 1827 mox
902 1772 1000 1850 magis
1022 1770 1171 1834 horizon-

122 1858 219 1932 talia,
244 1856 382 1915 funiculo
405 1856 493 1914 brevi
515 1872 678 1933 appensa·
702 1848 892 1932 anz'cnlua
912 1851 1099 1915 subeonicus
1120 1849 1172 1917 ⁴vel

124 1929 356 2018 aliqnantu‘lum
384 1953 584 2017 compressus,
611 1932 641 1990 in
660 1930 780 1991 loveola
797 1931 852 1991 bili
875 1934 1028 2012 receptus,
1048 1957 1105 1996 nec
1120 1926 1186 1997 nl·¹

86 2024 92 2032 '
122 2033 171 2080 tra
205 2037 272 2076 eam
307 2018 483 2076 dilatatus·
511 2009 675 2076 Primiun
705 2022 736 2070 et
766 2011 953 2075 secundina
982 2019 1011 2073 in
1041 2023 1174 2078 stratum
1222 2090 1225 2098 Ι

123 2103 252 2161 unicum
288 2109 462 2157 transverse
498 2098 836 2171 cellulosum,‚testam
869 2096 993 2156 seminis
1023 2101 1176 2159 constitu·
1217 2100 1220 2105 ’

126 2203 194 2255 ens,
220 2201 289 2238 mox
324 2190 494 2254 connatae„
528 2174 685 2240 Tertiinn
708 2194 780 2235 curn
812 2176 970 2259 prioribus
998 2179 1071 2259 cito,
1100 2200 1174 2239 eoa·
1255 2177 1258 2181 ’

128 2266 249 2323 lescens.
305 2256 481 2340 Quartino
518 2262 664 2339 insignis,
688 2277 788 2336 usque
820 2259 857 2316 ud
881 2258 1095 2319 maturitatem
1125 2283 1174 2320 se-

126 2346 217 2404 minis
237 2345 419 2422 persistens,
436 2344 611 2418 gelntinosa.
638 2335 805 2419 Quintium
823 2339 939 2399 inferne
966 2361 1036 2398 mox
1060 2363 1175 2402 evanc-

117 2437 231 2500 'scens,
259 2441 389 2501 superne
420 2424 449 2479 in
482 2438 718 2501 suspensorem
749 2420 947 2498 elongatum,
970 2420 1087 2483 cellulis
1118 2444 1175 2482 ex·

124 2520 212 2567 terne
244 2502 494 2585 prominentibus
526 2505 615 2581 qrrasi
642 2502 835 2580 granulutnm
864 2502 978 2560 abiens.
1020 2501 1176 2582 Apendi.

129 2608 183 2650 ces
197 2584 352 2648 clrulozoe
369 2606 384 2642 e
399 2588 522 2664 regione
538 2583 732 2662 gibbositatis
754 2582 819 2662 ejus
840 2592 970 2642 externae
989 2588 1112 2664 posite,
1124 2584 1176 2644 bi-

127 2670 224 2742 lobae,
245 2667 436 2738 rotundatur,
459 2668 567 2744 plnbae.
611 2660 759 2746 Embryo
782 2668 831 2736 (ut
845 2665 875 2720 ib
898 2666 1021 2740 ceteris)
1043 2685 1175 2746 campy-

130 2751 273 2829 litropus,
317 2742 457 2806 Cunctis
481 2747 520 2802 ad
541 2756 697 2801 exostoma
722 2745 858 2823 ducens,
879 2749 1084 2803 excrescentia
1109 2748 1175 2807 eel-

130 2832 227 2890 lnlosa
266 2828 376 2904 insigni
406 2849 440 2885 ex
478 2826 541 2885 hilo
575 2825 725 2898 deducta,
752 2825 791 2882 ab
814 2824 1016 2904 apendicibns
1044 2826 1176 2889 clralnzsc

130 2914 308 2989 disjunctus.
352 2906 544 2970 Exostomn
566 2907 605 2966 nd
626 2905 744 2989 apicem
765 2907 955 2989 superiorem
979 2909 1105 2968 foveolae
1120 2910 1176 2971 hili

129 3002 245 3076 patens.
1006 3004 1010 3009 “

213 3149 395 3232 [negumate
416 3144 795 3225 eo1·iaceum‚·oblongum
831 3148 879 3208 vel
903 3145 1096 3227 sublineare,
1114 3153 1176 3212 ali·

103 3266 107 3273 ¹
132 3233 257 3316 quando
280 3240 464 3306 curvatum,
485 3249 695 3310 compressum
719 3230 819 3290 rarius
836 3231 1093 3308 teretiusculum,
1116 3235 1176 3294 ob·
1260 3227 1263 3231 ⁸

131 3319 216 3397 lique
248 3313 440 3385 torulosum,
467 3310 637 3392 saepiusqne
664 3310 748 3371 venis
773 3312 920 3387 elevatis,
950 3314 1034 3388 juna
1056 3326 1177 3377 suturas

131 3401 287 3481 precipue
323 3396 514 3472 insignibuS,
557 3403 727 3467 notatum,
751 3397 833 3471 stylo
859 3403 1013 3469 arcunto,
1045 3416 1176 3474 corneo,

132 3480 310 3563 persistenti
332 3495 408 3554 sepe
432 3478 640 3537 terminatum.
691 3471 733 3537 V
728 3471 817 3535 alvea
840 3475 888 3533 vel
912 3478 1092 3537 maturitate
1113 3489 1178 3539 sta·

131 3565 188 3621 tim
210 3561 409 3633 dissilientes,
435 3559 480 3617 vel
504 3579 564 3615 non
594 3568 663 3618 ante
688 3568 801 3615 nonum
818 3554 991 3637 proximum
1015 3558 1195 3618 dehiscens

135 3654 189 3703 tes.
234 3637 362 3700 Isthmi
383 3638 615 3712 transversales,
638 3641 753 3699 semina
775 3646 967 3717 separantes,
991 3638 1056 3696 laxe
1081 3638 1180 3699 cellu-

135 3727 208 3800 losi,
241 3723 361 3782 cellulis
391 3720 602 3804 piliforrnibus
639 3725 723 3781 inter
757 3721 863 3779 valvas
894 3717 937 3776 ibi
974 3720 1205 3803 u'p'roximatas¹

134 3808 294 3879 distentis,
319 3807 351 3864 in
376 3803 534 3864 nonnullis
559 3805 622 3863 cito
652 3806 896 3879 obsolescentes,
926 3799 956 3860 in
986 3803 1054 3862 aliis
1076 3800 1181 3863 valvas

109 3910 112 3915 ·
134 3888 252 3948 diutius
275 3892 442 3968 iungentes.
1160 3882 1165 3889 ’

167 3987 172 3994 .
853 3980 862 4001 ,
910 4018 916 4026 Ι
985 3972 1014 4030 ἵ
