2588 4214
94 85 216 147 q„

109 249 158 388 (lii
176 249 211 306 iu
227 246 263 307 L.
284 245 425 329 perenni)
448 243 586 307 decidua
606 255 786 331 occurrunt.
829 243 967 336 Stipellae¹
986 255 1159 327 numquam
1205 226 1208 235 ¹

110 349 129 388 a
151 337 233 387 sunt.
577 336 580 343 ’
982 366 985 372 ,

194 489 303 568 Floras
327 491 524 570 Lupinorum
549 490 727 548 verticillati
742 499 824 564 saint,
848 491 935 561 vel-a
959 491 1160 570 dispositione

115 572 303 634 verticillata
333 572 403 651 plus
435 576 538 631 minus
563 570 717 629 aberrant.
762 570 794 628 ln
819 567 1170 652 speciminibus·spon-'

111 654 208 712 taoeis
234 652 378 712 verticilli
402 654 585 734 plerumque
606 652 1014 732 magis·r·egulares,qi1am
1038 656 1068 710 in
1092 656 1163 727 ,cul-

114 735 172 806 tis;
193 735 223 790 in
247 733 400 793 nonnullis
431 733 585 814 speciebus
612 732 916 812 adeon-regulares,
947 744 982 792 ut
1013 732 1103 793 flores
1129 738 1160 795 in

115 816 153 873 iis
175 815 307 895 alterni,
339 816 403 875 sive
432 817 548 874 rtectius
568 816 655 892 vagi,
685 825 918 895 nuncupantur.
962 816 994 874 lu
1018 815 1164 895 plurimis
1218 848 1222 853 -

116 897 261 956 verticilli
295 895 450 954 numerosi
483 898 521 970 ¹in
561 899 677 977 spicam
707 898 772 953 sire
805 917 980 970 racemum,
1019 898 1043 954 si
1075 919 1163 976 quae-

116 975 188 1034 dam
217 976 330 1034 horum
368 977 558 1052 differentia,
591 977 735 1055 collocati
769 987 862 1053 sunt3
890 977 1060 1060 aliquando
1091 998 1165 1058 ver-⁴

117 1057 215 1129 ticillo
238 1052 352 1134 tiai'co,
372 1057 548 1141 capitulum
571 1059 774 1119 mentiuntur.

211 1206 441 1277 inflorescentia
462 1211 493 1267 in
526 1199 673 1269 omnibus
696 1207 824 1287 quidem
853 1209 1042 1286 terminalis,
1058 1209 1112 1269 sed
1134 1212 1166 1271 in

121 1289 249 1365 diversis
272 1291 444 1369 speciebus,
462 1293 560 1352 variis
585 1290 811 1348 mutationibus
840 1288 984 1353 habitum
1006 1293 1166 1365 diversum

119 1370 241 1433 induta.
271 1369 321 1433 120
334 1374 367 1432 ln
383 1372 543 1453 speciebus
555 1373 708 1452 precipue
722 1369 908 1448 perennibus
923 1373 1089 1450 pedunculi
1101 1376 1168 1432 exi-

101 1452 183 1513 'mie
213 1455 408 1527 terminales,
446 1455 627 1511 immediata
659 1451 754 1509 catilis
782 1453 976 1512 continuatio
1009 1455 1169 1513 manifeste

123 1533 284 1608 videatur,
299 1537 431 1611 gemmis
461 1531 639 1597 miliaribus
652 1534 798 1606 minutis,
811 1553 938 1612 seseque
953 1555 1065 1614 parum
1079 1537 1168 1595 evol·
1219 1594 1222 1603 ,

122 1612 277 1672 ventibus.
323 1616 355 1672 In
380 1615 427 1672 his
442 1614 512 1674 ideo
525 1616 636 1691 racemi
658 1615 836 1693 parmicrcs,
857 1615 909 1674 sed
925 1614 1015 1687 flores
1036 1619 1066 1674 in
1085 1638 1188 1694 quo-.

121 1714 182 1772 que
198 1698 429 1755 nttmerosiores.
451 1696 501 1778 2²9
514 1697 544 1752 ln
558 1697 716 1772 speciebus
731 1695 884 1829 plerisque
896 1701 1027 1768 anisnis,
1050 1697 1173 1775 pedun-

121 1777 186 1845 ¹culi
209 1777 337 1854 quidem
363 1780 453 1839 etiam
469 1778 650 1838 immediata
672 1793 730 1832 cau
746 1776 770 1828 is
789 1777 979 1833 continuatio
1002 1788 1170 1855 apparent,

123 1859 176 1916 sed
197 1858 289 1919 ,rarni
319 1879 354 1919 ex
383 1858 482 1917 axillis
514 1857 650 1934 undique
672 1865 901 1936 prorumpunt,
924 1856 1108 1934 elongantur
1138 1869 1171 1916 et

124 1958 248 2007 racemo
271 1940 419 2018 primario
448 1941 534 2014 longe
556 1940 791 2015 supereminent.
835 1938 960 1999 Raeemi
987 1942 1090 2017 itaque
1118 1960 1170 1997 re-

126 2039 199 2080 vera
233 2017 427 2083 terminales
457 2023 489 2081 ia
523 2020 588 2090 his,
613 2022 698 2079 inter
725 2036 825 2076 ramus
855 2019 1012 2101 elongatos
1041 2023 1172 2080 omnino

129 2098 298 2163 cenantes,
324 2110 484 2180 apparent.
537 2101 630 2158 Novis
661 2099 732 2156 dein
763 2101 896 2169 racemis
930 2110 1080 2178 perpetuo
1108 2120 1171 2157 sese

37 2196 40 2209 ’
128 2180 371 2256 evolventibus,
412 2181 504 2244 flores
542 2183 571 2243 in
617 2201 740 2264 quoqne
786 2180 967 2259 plerumque
1010 2181 1172 2261 pauciores

129 2272 208 2320 sunt.
229 2294 267 2310 *-
281 2261 367 2323 Ordo
404 2262 604 2345 ilor'escentiac
626 2281 821 2321 racemorum
841 2261 948 2339 itaque
970 2256 1174 2337 descendens,

128 2342 241 2405 florum
267 2345 321 2422 (ut
350 2347 381 2406 in
403 2340 528 2423 ceteris)
548 2343 750 2414 adscendens,
780 2344 810 2401 in
842 2340 890 2401 his
916 2343 1094 2400 manifestus
1119 2352 1174 2404 est.

127 2423 180 2482 310
219 2425 253 2485 lu
293 2427 451 2486 nonnullis
484 2436 590 2485 arrtem
637 2422 969 2501 speciebusaccidit,
1009 2432 1044 2478 ut
1086 2441 1175 2499 gem-

130 2524 202 2578 ma,
242 2525 277 2569 ex
308 2506 399 2565 axilla
432 2505 498 2564 toln
535 2499 758 2585 prorumpens,
784 2504 874 2573 valde
903 2505 1070 2577 accrescit,
1102 2513 1174 2561 tan-

123 2595 265 2666 tumque
285 2586 464 2670 pedunculo
488 2588 641 2645 terminali
671 2576 900 2664 supereminet,
922 2594 958 2642 ut
974 2604 1096 2662 gemma
1112 2588 1176 2642 ima

132 2668 302 2728 mediatam
328 2670 424 2729 caulis
448 2672 710 2739 continuationem
735 2669 913 2736 mentiatur,
932 2676 964 2723 et
983 2666 1177 2746 pedunculus

132 2749 162 2809 in
188 2750 269 2807 latus
281 2751 544 2829 deiiciaturatque
557 2752 599 2807 ita
620 2750 731 2806 eximie
750 2746 981 2826 oppositil'olius
1001 2748 1122 2805 evadat.
1136 2779 1178 2792 ·-

133 2825 190 2889 Est
212 2830 318 2909 itaque
338 2831 368 2886 in
383 2832 425 2888 ‘iis
447 2849 574 2907 quoqne
593 2830 670 2889 ordo
691 2826 889 2888 [latescentia.
907 2845 1103 2885 racemorum
1127 2847 1179 2886 re·-

135 2929 208 2970 vera
238 2910 439 2982 descendens,
469 2911 541 2970 licet
571 2911 705 2990 speciem
738 2907 952 2965 adscendentis
980 2908 1010 2965 in
1034 2907 1181 2968 omnibus

135 2990 311 3071 aemuletur.
351 2990 547 3052 Peduncnlos
569 2989 672 3052 in'bis
691 2984 854 3052 laterales
874 2990 1043 3050 nominavi.

175 3211 178 3219 ,
214 3154 408 3212 Praesentiam
424 3155 473 3213 vel
483 3155 639 3212 detectum
647 3151 876 3208 bracteolarum
890 3161 922 3207 et
937 3151 1075 3208 fissuram
1092 3154 1182 3233 ealy.

136 3237 179 3296 eis
192 3235 261 3314 plus
278 3238 378 3293 rninus
392 3236 598 3314 profundam,
615 3236 645 3289 in
659 3230 818 3308 speciebus
837 3231 1060 3308 distinguendis
1078 3238 1181 3309 magni

137 3318 286 3377 momenti
308 3317 426 3374 facium
446 3325 597 3374 auctores.
640 3312 745 3390 Neque
767 3311 827 3371 boc
843 3320 979 3384 temere3
1003 3320 1105 3375 tamen
1120 3314 1180 3373 ob.

137 3397 323 3457 servandum
360 3396 604 3455 est=bracteclas
625 3399 656 3453 i'n
683 3395 829 3474 plurimis
859 3413 922 3451 esse
944 3393 1180 3472 caducissimas,

136 3490 167 3538 et
189 3479 220 3539 in
244 3477 416 3552 nonnullis,
448 3479 520 3536 licet
547 3476 665 3551 adsint,
696 3477 773 3534 adeo
795 3476 1029 3556 inconspicuas,
1060 3486 1095 3533 ut
1115 3480 1180 3538 sire

135 3564 166 3623 in
200 3559 256 3617 hac
280 3559 327 3618 vel
348 3553 413 3617 'itta
446 3560 545 3638 specle
580 3561 758 3617 exsisterent
789 3559 852 3616 sive
884 3557 1069 3631 deficerent,
1097 3560 1181 3617 inter

136 3651 276 3700 auctores
305 3662 365 3699 non
386 3661 458 3699 raro
481 3640 569 3697 valde
589 3640 649 3698 suit
664 3641 881 3719 disceptatum.
923 3638 1027 3715 Neque
1052 3639 1180 3699 nimiam

139 3725 212 3794 vim,
235 3722 468 3781 denticulatioui
499 3716 617 3800 calycis'
636 3721 773 3793 tribuas3
809 3722 962 3800 praecipue
985 3717 1102 3776 labium
1130 3722 1180 3776 in-

125 3805 229 3863 terius
250 3805 285 3864 in
306 3804 414 3867 multis
434 3802 593 3887 speciebus
615 3824 695 3863 narie
720 3807 873 3880 integrum
903 3819 986 3860 nune
1006 3800 1181 3860 denticula-
