2588 4214
1091 139 1120 198 V
1135 168 1139 173 .

117 320 186 359 rum
214 285 353 362 culniinn
378 290 572 376 obveniunt,
593 304 624 360 in
648 310 737 382 parte
760 322 871 384 nempe
893 322 986 383 supra
1007 321 1163 362 memora-

115 394 146 443 s·
169 384 319 443 Americae
344 381 478 442 borealis
488 386 561 458 ,3in
585 382 731 443 Andibus
755 384 959 462 Quirensihns
979 394 1011 442 et
1028 383 1163 444 Peruvi-

114 467 197 543 anie„
218 474 315 545 etque
339 465 371 524 in
391 464 482 546 plage
497 465 577 525 meri
599 465 824 526 mediterraneo
845 467 1044 529 contermina.
1086 467 1164 542 Qun

64 616 66 623 Ι
114 556 223 612 cetere
252 556 339 607 extra
371 544 428 606 has
457 545 563 628 plagas
598 549 732 607 inventae
764 549 891 609 suerunt
913 550 1048 628 species,
1068 548 1167 627 magis

64 636 66 657 ¹
113 628 283 709 sporadieae
314 639 345 688 et
377 649 395 686 a
422 630 548 708 propria
572 630 674 710 patria
696 632 784 709 quasi
809 628 986 689 aberrantes
1014 648 1163 693 occurre?

112 720 198 769 runt.
1165 729 1168 738 ·

64 890 66 899 Ι
192 817 296 877 ,ΑΙίιιά
331 816 490 897 quoddam
525 819 729 880 memorabile
757 823 790 880 in
823 840 860 882 eo
891 820 1051 893 cernitur,
1080 817 1166 898 quod

111 920 220 961 omnes
242 899 328 974 fere,
349 919 418 978 quae
442 901 471 958 in
494 903 592 960 veteri
614 905 792 962 continente
808 906 934 979 vigent,
958 920 1064 960 nnnuae
1084 907 1166 974 sunt,

116 999 218 1061 quum
247 980 334 1060 longe
359 984 493 1041 maxima
518 1002 590 1065 pars
616 979 792 1067 specierum
817 986 969 1044 Americae
993 983 1032 1043 ad
1053 1001 1166 1063 peren·

113 1081 166 1122 nes
187 1065 359 1144 pertinent.

197 1199 253 1258 His
279 1202 462 1280 premissis,
494 1220 563 1278 qum
595 1223 690 1284 quam
714 1225 825 1263 manca
855 1213 926 1263 sunt
947 1213 978 1261 et
1000 1202 1081 1262 levia
1105 1201 1165 1283 ipsi

65 1336 67 1343 ,
114 1284 235 1364 optime
276 1285 443 1358 sentimus,
473 1281 639 1358 adjicimus
673 1286 811 1344 tabuiam
845 1284 1010 1364 specialem
1039 1277 1167 1355 habitass

64 1370 67 1383 ¹
114 1366 210 1424 tionis
240 1363 446 1442 Lupinorum.
502 1362 644 1426 Summas
678 1371 853 1446 specierum
886 1368 919 1424 in
954 1366 1050 1425 variis
1081 1361 1168 1421 orbis

115 1444 259 1526 partibus
285 1442 448 1525 hucusque
472 1447 684 1527 detentarum,
708 1449 748 1509 ob
768 1451 886 1528 species
915 1446 1074 1508 nonnullas
1103 1442 1166 1505 du-

115 1527 201 1602 bias,
227 1547 285 1585 nnn
308 1546 429 1609 semper
451 1539 536 1589 certo
560 1531 689 1592 definire
703 1534 874 1613 potuimus.

65 1652 67 1747 J
116 1663 152 1722 In
174 1663 265 1745 plaga
290 1664 397 1746 itaque
422 1669 513 1726 maris
538 1665 740 1727 mediter-anei

205 1750 395 1825 proveniunt
894 1749 1008 1829 species
1050 1746 1157 1809 8-10

116 1830 155 1890 lu
176 1826 390 1887 Cochinchina
925 1861 968 1876 -
1052 1830 1080 1892 1.

117 1914 187 1973 iln
209 1909 315 1970 Africa
337 1909 490 1969 Orientali

65 2032 67 2038 ·
117 1995 170 2056 Ad
196 1991 392 2051 Promontor.
416 1989 450 2050 B.
476 1989 549 2072 Spei

119 2075 170 2137 sd
181 2074 260 2214 oshiin
276 2073 372 2133 Plntae
386 2069 536 2149 fluminis,
548 2073 698 2136 Americae
710 2076 853 2137 australis

119 2160 156 2218 ln
178 2155 203 2214 C
229 2156 264 2217 ili

71 2252 75 2261 '
118 2242 156 2299 ln
173 2230 310 2298 Penuria
335 2248 366 2296 et
386 2237 491 2317 Regno
511 2239 655 2315 Quitensi

121 2324 157 2381 ln
179 2339 274 2397 regno
296 2321 581 2378 novo-Granatensi

120 2405 155 2464 In
183 2420 277 2481 regno
296 2402 457 2461 Mexieano
1076 2449 1083 2464 .

120 2488 157 2545 ln
178 2483 323 2542 America
347 2482 634 2545 boreali-orientali
654 2486 873 2566 (cismontnnn)
932 2522 972 2532 -
1057 2485 1086 2546 5.

121 2570 155 2628 ln
169 2564 909 2649 Americnboreali-occidentali(transmontana)
930 2604 971 2616 -
1035 2565 1170 2631 39-48.

210 2726 258 2791 Ex
281 2725 331 2787 his
351 2736 439 2788 sunt:

122 2837 377 2920 Lmicroca'rpus
390 2840 679 2901 communisincoie
701 2841 877 2905 Californiae
899 2853 933 2903 et
951 2843 1047 2906 Chiii.

121 2920 382 3002 hangustifolius
448 2953 489 2966 -—
604 2952 645 2970 -
687 2922 899 3006 Europaei?
928 2928 1083 2989 Amerieae
1103 2927 1170 2990 hor.

607 3027 610 3036 ·
688 3011 1076 3082 transmontanaencmsni
1096 3009 1178 3072 Piaz.

687 3095 725 3144 tae
746 3085 870 3148 flumin.

461 3232 500 3244 -
612 3234 652 3243 -
694 3200 795 3281 Regni
825 3204 986 3280 Quitensis
1013 3215 1046 3266 et
1067 3202 1173 3268 Novo·

694 3282 903 3348 Grnnatensis.
1179 3290 1182 3295 ⁵

124 3167 151 3228 L
172 3166 337 3231 mutabilis

66 3248 68 3273 '
124 3249 376 3392 Lpemieulatus

66 3300 71 3429 ι
123 3332 150 3391 L
191 3332 365 3394 mithianus
1094 3390 1097 3394 ,

66 3434 69 3447 ·
125 3414 161 3472 L.
183 3414 344 3577 perennis}
415 3507 417 3511 Ι
453 3447 494 3462 -·-
609 3445 647 3459 ·-
692 3414 848 3477 Amerieoe
876 3417 1009 3479 borealis
1032 3423 1172 3484 cismon-

124 3497 159 3554 L.
182 3494 314 3578 pusillus
700 3502 777 3556 tane
800 3508 832 3559 et
856 3509 1109 3563 transmontanae.
1176 3528 1181 3560 ·.

67 3726 70 3813 1
