2588 4214
1014 109 1267 211 x1'⁵‘·

19 326 117 376 *tum
148 321 297 378 occurrit.
352 316 424 392 Qun
460 322 566 374 etitem
597 304 703 373 fissura
732 311 917 397 profundior
945 335 982 399 eo
1010 317 1105 394 magis

49 401 141 473 etiam
164 410 305 460 constans
328 400 492 480 indicanda
513 406 567 455 est.
978 405 983 416 ‘

113 527 222 602 licet
245 530 276 583 in
301 525 388 583 nullo
413 522 505 599 hujus
530 520 650 595 generis
674 519 852 580 charactere
886 532 1005 582 tantam
1037 525 1101 601 vim

49 628 85 666 ac
110 609 141 665 in
168 608 362 674 diversitatet
386 605 555 675 staminum
591 612 712 679 ponunt
744 612 904 677 auctores,
933 614 1041 664 tamen
1072 606 1102 663 in
1132 624 1145 655 s

49 690 86 747 iis
109 687 317 755 describendis
352 675 507 766 preecique
544 683 628 741 vitiis
655 682 825 742 abundant.
869 688 1011 744 Linnaeus
1035 697 1102 747 sta-

51 773 134 828 mina
159 769 321 847 diadelpha
336 771 457 846 anino
473 766 653 844 adscripsit3
674 764 759 843 quod
781 766 929 842 quidem,
956 768 1027 824 licet
1041 770 1101 842 jaim

50 852 114 931 ipse
137 853 334 929 proximique
362 852 424 924 ejus
453 854 618 905 sectatores
640 848 848 920 correxerint,
872 857 978 919 tamen¹
997 848 1101 906 adhuc
1143 889 1147 894 -
1170 874 1172 882 ·

49 933 79 1002 in
96 931 238 1011 operibns
260 927 484 989 recentioribus
498 928 599 986 denuo
617 926 750 984 relatum
768 928 940 992 invenimus
956 932 988 1000 *).
1031 929 1099 986 rtu-
1136 978 1144 989 .
1221 969 1226 977 ·

51 1016 141 1090 peri,
174 1022 326 1090 quarelam
350 1008 455 1082 viden,
476 1028 600 1081 omnes,
629 1004 775 1065 antheras
802 1011 999 1067 rotundiores
1022 1008 1103 1090 prae'-

40 1096 188 1169 ucociores
204 1091 447 1174 p1·aetlicant,litl-
465 1090 550 1169 qnod
566 1113 628 1148 non
639 1085 798 1146 tantnm'a
822 1092 888 1167 lege
904 1091 1024 1170 vulgari
1047 1090 1105 1149 ab·

53 1172 205 1250 horreret,
217 1176 269 1234 sed
282 1177 393 1251 inim-ia
412 1174 538 1250 quoqne
554 1172 604 1230 hic
624 1170 831 1237 contenditur.
852 1173 939 1230 Licet
950 1175 1031 1230 enim
1045 1172 1104 1230 sub

52 1256 174 1312 antbesi
205 1258 358 1319 filamentn
388 1255 498 1334 petalis
521 1255 663 1330 opposita
692 1252 912 1327 (antherarum
935 1254 1102 1312 rotundio-

54 1342 138 1410 rnm)
172 1337 309 1416 longiora
336 1339 417 1408 sint,
447 1336 629 1411 neutiquam
661 1332 729 1412 ideo
749 1335 968 1416 ,pracociorne
1003 1335 1103 1394 baecce

57 1419 140 1478 enim
153 1423 371 1497 ¹utrorumque
384 1416 568 1476 evolationis
589 1417 669 1481 ratio
679 1429 699 1472 ε,

139 1551 171 1609 Si
204 1550 309 1610 florem
348 1553 453 1610 adbnc
487 1554 517 1608 in
546 1549 699 1609 alabastro
728 1551 961 1627 examinamus,
993 1554 1104 1628 stigma

21 1685 26 1691 .
62 1631 209 1690 antheras
232 1633 320 1709 longe
343 1635 569 1712 supereminens
599 1634 790 1709 invenimus„
827 1633 975 1710 Antherae
1002 1633 1102 1692 5ob-
1169 1661 1176 1669 ¹

39 1715 155 1791 longae
178 1715 207 1770 in
230 1713 362 1787 tubum,
393 1716 512 1792 stylum
543 1713 760 1783 circumdem,
791 1715 937 1771 invicem,
957 1718 1103 1795 juxtapo-

57 1796 139 1867 sitae3
173 1793 309 1854 anthera
331 1806 438 1853 autem
470 1795 669 1865 renisormes,
702 1792 817 1872 qrribns
852 1797 935 1852 iuter
957 1796 1104 1872 oblongas

56 1876 180 1938 nullum
210 1879 333 1935 vacavit
364 1879 496 1955 spatium
530 1875 608 1934 inira
644 1895 694 1932 eas
722 1877 818 1950 (inter
849 1876 935 1936 binas
969 1879 1109 1954 singulte)

56 1957 213 2016 collocatae
239 1968 328 2031 sunt,
359 1960 547 2015 lbrmamex
572 1957 630 2015 hac
656 1959 747 2036 spatii
775 1960 918 2034 angustia
945 1960 1109 2035 indutam,

59 2048 166 2118 postea
189 2060 315 2117 quoqne
338 2048 501 2099 servantes.
547 2041 701 2118 Tempore
723 2039 970 2098 foecundatinnis
985 2042 1106 2097 immi-

60 2129 161 2192 neate,
178 2121 329 2178 filamenta
342 2133 550 2200 utrorumque
573 2125 691 2200 pariter
716 2121 1027 2194 elongantur,donec
1054 2141 1111 2179 an·
1187 2123 1193 2129 ’
1225 2178 1232 2185 ,

61 2200 154 2258 therm
178 2202 532 2279 oblongaealtitndinem
557 2204 709 2282 stigmatis
731 2200 849 2283 adeptae
877 2214 956 2260 sunt.
999 2200 1106 2275 Pallen

58 2277 272 2340 bornm'tnnc
297 2285 470 2342 effunditur
494 2297 525 2342 et
548 2305 584 2342 ex
607 2280 843 2341 ninnibns5in
875 2288 1108 2342 massamuni-
1194 2303 1198 2317 ¹
1278 2300 1283 2307 '

58 2378 145 2435 carn,
169 2365 279 2440 stigma
304 2367 449 2447 rindiqne‘
466 2363 730 2437 circumdantem,
756 2363 908 2424 coalescit.
952 2367 1107 2445 Quofac·
1158 2361 1161 2368 ’

60 2453 92 2500 to
107 2443 261 2503 lilamenta
284 2444 397 2509 borum
420 2467 479 2504 non
495 2448 631 2529 amplius
652 2445 850 2522 elongantur,
875 2455 972 2525 quar'e
986 2449 1108 2526 stigma,
1161 2521 1165 2524 .

62 2525 143 2602 stylo
166 2527 325 2602 elongato,
356 2548 485 2585 massam
518 2529 719 2608 pollinaceam
748 2546 818 2583 mox
841 2529 942 2587 desino
978 2549 1107 2607 supere·

61 2607 188 2665 mineret
202 2651 210 2681 ,
223 2610 280 2665 nisi
294 2629 375 2667 nunc
389 2610 542 2668 filamenta
562 2609 768 2667 antherarnm
784 2609 1001 2666 renisormium
1022 2611 1110 2669 valde

64 2698 293 2761 accrescerent,
316 2697 363 2763 et,
391 2693 470 2747 inter
493 2689 638 2765 oblongas
660 2689 986 2765 eltrctantes,5massnm
1016 2691 1113 2769 polli-

61 2787 184 2826 uaceam
210 2767 343 2839 horum,
372 2771 481 2827 loculis
502 2771 601 2850 quoad
623 2779 742 2848 partem
765 2769 867 2831 adhuc
891 2769 1106 2852 inhaerentem,

60 2869 141 2909 nnnc
163 2852 416 2932 suimetipsorum
437 2854 657 2928 commixtam,
678 2869 782 2913 secum
807 2852 956 2914 tollerent.

142 2989 314 3067 Legumina
337 2991 368 3045 in
390 2989 516 3046 diversis
538 2987 695 3068 speciebus
718 2987 911 3049 diversitates
943 2987 1109 3068 exhibent,
1195 3055 1202 3065 ,

64 3088 133 3150 qum
164 3067 380 3147 physiologieo
409 3079 552 3146 respectu
583 3088 707 3146 qnoque
747 3069 1026 3127 animadvertendae
1060 3076 1110 3128 vi-

64 3151 188 3209 dentur.
241 3149 273 3206 ln
308 3148 463 3206 nonnullis
489 3150 571 3207 enim
609 3147 767 3229 speciebus
803 3146 898 3204 valvae
919 3151 1111 3214 ¹maturitate

63 3231 169 3292 statim
203 3226 358 3289 dissiliunt
386 3239 417 3287 et
444 3230 598 3311 spiraliter
629 3248 690 3286 sese
723 3238 950 3307 contorquent,
982 3232 1012 3289 in
1044 3233 1116 3300 aliis·

65 3337 124 3373 nnn
149 3321 223 3370 ante
248 3313 422 3391 proximum
453 3332 506 3368 rer
534 3311 707 3370 dehiscunt.
754 3311 839 3368 Hanc
867 3310 1074 3382 differentiam
1092 3339 1111 3376 a

67 3396 230 3455 duratione
260 3395 358 3478 ipsius
393 3393 505 3477 plantae
536 3393 668 3476 pendere
697 3392 944 3453 arrimadversum
974 3395 1034 3454 snit
1067 3401 1114 3474 l*).

66 3549 329 3571 Μ

100 3645 131 3713 *)
151 3641 228 3694 Dict.
249 3642 294 3692 des
313 3639 444 3696 Scicnces
461 3643 526 3696 Nat.
548 3627 624 3695 Toin.
646 3604 758 3698 xxvll
780 3663 805 3712 p.
828 3641 899 3721 363.

103 3741 153 3811 **)
174 3739 252 3789 Hanc
270 3738 487 3792 observationem
513 3739 545 3790 Ο.
565 3740 590 3790 J.
612 3739 732 3801 Mtircle,
763 3743 893 3808 praelecto
914 3740 989 3793 horti
1011 3743 1112 3797 Halai-⁴

63 3834 68 3843 ·
138 3808 210 3858 ensis
230 3806 397 3867 clarissimo,
418 3812 495 3875 cujus
518 3808 601 3858 etiam
622 3810 752 3860 amicitiae
771 3812 806 3861 oh
827 3810 913 3862 multa
932 3812 1048 3867 sublata
1062 3816 1119 3864 du·

81 3906 85 3912 ·
107 3892 111 3899 ·
139 3876 186 3928 bia
202 3876 325 3937 'maxime
345 3877 471 3933 devincti
490 3895 597 3940 sumtis,
613 3878 755 3946 debemus.
791 3904 794 3908 ·
