2588 4214
1058 166 1102 231 lll

95 354 218 412 tenens,
239 350 275 398 et·
299 351 335 398 ut
355 339 456 398 editor
483 341 586 420 operis
619 338 736 397 laudati
776 337 954 397 ”Bolanical
976 337 1145 416 Register”,

33 416 36 420 ’
95 427 125 484 in
150 442 214 500 quo
246 442 355 499 magna
386 423 585 500 Lupinorum
608 440 679 500 pars
710 419 869 499 descripta,
897 428 1016 494 exstat,
1044 420 1144 498 speci-

94 501 228 564 minibus
242 503 431 561 authenticis
451 503 661 582 plurimarum
679 500 833 580 gaudens,
850 501 917 576 itte,
941 503 1022 560 inter
1037 521 1144 560 omnes

95 586 188 659 solus,
209 604 276 664 quae
289 584 522 664 monographiae
544 578 635 660 hujus
651 583 769 660 generis
781 584 947 640 necessaria
969 581 1056 639 fuere
1066 600 1143 660 sup-

94 667 233 750 peditare
258 660 366 723 valuit]
411 660 587 722 Venerabili
609 661 957 737 etiam-Hoannusuuo,
989 684 1048 719 non
1083 663 1145 720 mi-

96 765 153 810 tius
175 746 216 805 ob
247 747 487 813 liberalitatem,
510 763 574 821 qua·
598 742 746 801 Herbaria
772 742 901 816 Vsum,
924 745 953 802 io
981 743 1144 822 quo‘plu-

96 825 144 890 res
168 830 282 908 species
314 827 546 900 Lamarcliian'oe
577 845 594 882 a
619 825 868 883 Desfontainesio
893 826 981 882 missa
997 833 1135 884 ,exstant

94 914 309 970 Scauuacaaar
345 915 376 962 et
405 905 613 985 suimetipsius
650 907 814 986 patefecit,
848 924 942 982 quam
965 903 1008 962 ob
1035 903 1145 984 benig-

96 1010 172 1050 num
214 989 378 1061 studium,
421 1008 485 1065 quo
521 986 560 1045 ad
597 986 805 1045 Bibliothecas
849 986 1030 1044 Hasnienses
1064 985 1145 1045 mihi

98 1071 218 1149 ubique*
245 1068 366 1127 aditum
408 1069 578 1147 panderet,
620 1069 829 1148 maximopere
866 1067 1045 1126 devinctus·
1066 1087 1145 1128 sum.

94 1152 201 1231 Neque
230 1161 332 1210 tacere
368 1153 485 1231 justum
518 1149 623 1208 fuisset
658 1169 727 1223 me,
766 1160 827 1208 tam
868 1147 1048 1229 plantarum
1088 1170 1143 1209 co-

95 1237 166 1316 pia,
189 1234 342 1313 precipue
361 1232 400 1290 ad
424 1231 607 1290 affinitatem
631 1232 727 1308 ipsius
749 1231 1058 1307 generiseruendam
1072 1251 1145 1291 om-

97 1317 171 1374 nino
208 1316 394 1387 necessaria,
431 1331 525 1390 quarn
559 1311 708 1370 librorum
739 1323 889 1392 apparatu
918 1311 1021 1369 Patris
1056 1315 1143 1393 opti·-

100 1399 163 1471 mi,
197 1418 246 1455 me
279 1397 341 1475 jam
372 1416 389 1453 a
421 1395 524 1474 pueris
555 1394 593 1450 ad
630 1393 796 1470 penetralia
825 1394 958 1451 scientiae
986 1394 1147 1470 ducentis,

96 1493 156 1537 nou·
182 1497 294 1559 parum
315 1476 409 1555 fuisse
431 1477 586 1556 adjutum.
726 1489 728 1494 ’
987 1504 990 1510 ·

114 1627 124 1661 ·.
179 1588 256 1659 Quae
276 1589 382 1644 omnia
404 1584 527 1644 Lectori
557 1581 711 1641 benevolo
736 1579 929 1660 subjicienda
952 1583 1083 1662 putavi,
1110 1594 1144 1642 ut

96 1678 127 1725 ct
152 1665 292 1723 defectus
318 1668 412 1739 nostri
439 1665 602 1742 opusculi,
632 1666 686 1740 qui
708 1672 777 1721 sunt
800 1665 972 1738 innumeri,
1001 1685 1035 1722 ex
1060 1665 1145 1725 diffi-

101 1744 219 1807 cultate
251 1749 421 1805 conaminis
445 1756 476 1802 et
505 1744 608 1803 adhuc
641 1746 738 1824 magis
763 1763 798 1801 ex
821 1747 963 1820 angustia
995 1750 1147 1826 temporis

97 1829 175 1887 mihi
196 1830 393 1909 praescripti,
414 1827 515 1887 forsan
545 1831 777 1898 excusarentur,
804 1835 835 1885 et
863 1828 972 1884 merita
995 1829 1031 1901 (si
1055 1827 1146 1888 modo

96 1907 228 1986 adsintl)
252 1929 311 1968 non
335 1909 413 1968 mihi
434 1909 486 1967 sed
511 1908 627 1967 talibus
650 1905 827 1966 fautoribus
850 1909 1001 1986 tantisque
1020 1911 1146 1969 auxiliis

95 1993 280 2052 referantur.
532 1982 541 1999 ’

488 2106 754 2122 ψ

185 2216 318 2295 Species,
339 2235 406 2294 quae
427 2236 522 2293 genus
543 2213 658 2296 Lupini
681 2216 888 2289 constituunt,
911 2216 989 2276 adeo
1009 2217 1069 2277 sibi
1091 2221 1143 2279 io-

95 2302 197 2357 vicem
221 2297 340 2354 similes
362 2306 451 2368 sunt,
484 2306 520 2353 ut
544 2297 575 2352 in
608 2293 727 2353 familia
750 2299 884 2356 naturali
922 2319 1018 2376 genus
1049 2311 1145 2360 natu-

95 2380 285 2438 ralissimum
307 2378 496 2434 constituere
518 2377 619 2434 forsan
641 2377 706 2451 jure
730 2376 916 2453 judicentur.
961 2381 1031 2438 lam
1056 2391 1144 2439 vete-

94 2484 141 2520 res
164 2459 234 2518 ideo
257 2460 374 2535 species
406 2456 464 2514 sibi
496 2467 583 2516 notas
615 2459 765 2514 inunum
796 2457 1008 2536 conferebant,
1035 2472 1067 2521 et
1090 2484 1143 2522 re-

94 2545 260 2612 centiores,
292 2539 365 2598 licet
388 2543 504 2617 species
532 2539 663 2596 mirifice
686 2558 820 2598 numero
840 2540 982 2602 adauctae
1005 2544 1143 2620 fuerint,

93 2630 195 2705 ipsum
225 2641 320 2696 genus
351 2621 538 2678 inviolatum
572 2629 744 2676 servarunt.
771 2621 987 2696 'Quo'autem
1021 2625 1144 2686 firmius

94 2723 188 2782 genus
208 2701 269 2757 fuit
290 2699 485 2772 stabilitum,
509 2721 545 2758 eo
577 2699 745 2756 difficilior
758 2705 930 2780 specierum
962 2707 1140 2785 diagnosis,

94 2797 125 2844 et
156 2802 211 2863 per
245 2782 390 2840 cohortes
420 2781 577 2838 naturales
607 2779 808 2839 distributio:
853 2784 896 2840 lta
930 2789 1014 2845 enim
1048 2789 1087 2846 in'
1111 2807 1144 2847 se

94 2865 197 2925 lluunt
230 2865 364 2921 vicissim
407 2871 438 2920 et
472 2861 562 2919 valde
597 2861 870 2944 diversissimeque
907 2869 1144 2928 intertexuntur

92 2948 225 3028 species,
247 2954 281 3002 ut
303 2964 369 3022 quae
390 2944 486 3001 altera
508 2953 579 3001 nota
603 2946 634 3001 in
658 2964 753 3003 unum
776 2947 911 3007 conferri
937 2949 1069 3024 dehere,
1092 2952 1141 3010 al-

94 3041 158 3087 tera
188 3028 324 3106 separari
359 3036 391 3084 et
413 3028 568 3082 removeri
595 3025 769 3085 videantur.
814 3026 894 3087 Hinc
914 3035 1056 3109 sequitur
1079 3054 1141 3098 non

94 3117 216 3166 tantum
246 3115 283 3161 ut
313 3107 506 3162 constructio
533 3104 714 3162 cohortium
751 3109 841 3164 valde
871 3111 1050 3185 claudicet,
1092 3114 1142 3172 scd

94 3191 189 3247 etiam
218 3195 255 3245 ut
290 3184 485 3244 characteres
517 3187 687 3264 specierum
718 3186 907 3268 plerumque
938 3192 1034 3270 ampli
1068 3214 1143 3255 eva·

93 3271 189 3343 dant,
217 3278 247 3326 et
279 3268 490 3344 micrologicis
520 3269 600 3325 notis
622 3267 705 3325 haud
737 3289 808 3326 raro
830 3274 1041 3332 construendae
1072 3278 1142 3334 sint.

94 3353 203 3411 Potius
239 3360 341 3408 tamen
379 3368 501 3428 semper
533 3347 720 3409 affinitatem
754 3359 784 3407 ct
816 3353 955 3410 ordinem
985 3357 1140 3433 quendam

98 3435 293 3505 naturalem,
318 3437 612 3508 quantumcumque
638 3435 705 3489 erui
727 3437 884 3511 potuerit,
916 3438 1141 3516 respiciendam

91 3535 173 3586 esse,
200 3533 292 3594 quam
316 3511 515 3570 artificialem
545 3511 702 3589 quendam
726 3513 880 3586 ordinem,
910 3525 939 3572 et
963 3515 1140 3578 cohortium

96 3601 127 3656 in
153 3596 257 3653 verbis
280 3595 494 3651 definitionem
520 3592 664 3651 omnibus
689 3597 828 3654 numeris
848 3596 1042 3671 absolutam,
1074 3599 1141 3659 laesa

91 3677 254 3749 affinitate,
272 3674 483 3734 adhibendam
508 3694 579 3749 esse,
603 3675 764 3755 judicavi.¹

177 3805 224 3861 De
251 3812 411 3861 structura
435 3804 554 3860 interna
578 3801 773 3880 Lupinorum
795 3802 873 3862 nibil
886 3805 1016 3882 quidem
1033 3807 1138 3880 attuli,

92 3885 143 3943 sed
173 3906 273 3964 neque
305 3886 336 3944 in
364 3883 473 3944 multis
505 3881 668 3962 speciebus
692 3904 761 3941 eam
788 3887 972 3962 investigare
996 3885 1079 3943 mihi
1100 3887 1146 3942 li-

894 4117 916 4159 ’Ν
