<?xml version="1.0" encoding="UTF-8"?>
<!DOCTYPE html PUBLIC "-//W3C//DTD XHTML 1.0 Transitional//EN"
    "http://www.w3.org/TR/xhtml1/DTD/xhtml1-transitional.dtd">
<html xmlns="http://www.w3.org/1999/xhtml" xml:lang="en" lang="en">
 <head>
  <title>
</title>
<meta http-equiv="Content-Type" content="text/html;charset=utf-8" />
  <meta name='ocr-system' content='tesseract 3.04.00' />
  <meta name='ocr-capabilities' content='ocr_page ocr_carea ocr_par ocr_line ocrx_word'/>
</head>
<body>
  <div class='ocr_page' id='page_1' title='image "./synopsisgeneris00agargoog_0017.png"; bbox 0 0 2588 4214; ppageno 0'>
   <div class='ocr_carea' id='block_1_1' title="bbox 938 122 1146 233">
    <p class='ocr_par' dir='ltr' id='par_1_1' title="bbox 938 102 1146 233">
     <span class='ocr_line' id='line_1_1' title="bbox 938 122 1146 233; baseline 0 -25"><span class='ocrx_word' id='word_1_1' title='bbox 938 122 1146 233; x_wconf 61' lang='lat' dir='ltr'>:xre</span> 
     </span>
    </p>
   </div>
   <div class='ocr_carea' id='block_1_2' title="bbox 30 304 1160 1042">
    <p class='ocr_par' dir='ltr' id='par_1_2' title="bbox 30 304 1160 1042">
     <span class='ocr_line' id='line_1_2' title="bbox 63 304 1121 395; baseline 0.001 -20"><span class='ocrx_word' id='word_1_2' title='bbox 63 306 140 376; x_wconf 40' lang='lat' dir='ltr'>&#39;raro</span> <span class='ocrx_word' id='word_1_3' title='bbox 162 312 264 372; x_wconf 86' lang='lat' dir='ltr'>adbuc</span> <span class='ocrx_word' id='word_1_4' title='bbox 294 304 326 371; x_wconf 85' lang='lat' dir='ltr'>in</span> <span class='ocrx_word' id='word_1_5' title='bbox 355 312 460 392; x_wconf 83' lang='lat' dir='ltr'>planta</span> <span class='ocrx_word' id='word_1_6' title='bbox 495 307 618 368; x_wconf 74' lang='lat' dir='ltr'><strong>florenti</strong></span> <span class='ocrx_word' id='word_1_7' title='bbox 649 312 836 390; x_wconf 83' lang='lat' dir='ltr'>persistunt,</span> <span class='ocrx_word' id='word_1_8' title='bbox 866 320 898 382; x_wconf 80' lang='lat' dir='ltr'>et</span> <span class='ocrx_word' id='word_1_9' title='bbox 919 310 953 373; x_wconf 82' lang='lat' dir='ltr'>in</span> <span class='ocrx_word' id='word_1_10' title='bbox 988 315 1121 395; x_wconf 79' lang='lat' dir='ltr'>juvenili</span> 
     </span>
     <span class='ocr_line' id='line_1_3' title="bbox 69 391 1160 472; baseline -0.003 -14"><span class='ocrx_word' id='word_1_11' title='bbox 69 398 232 458; x_wconf 89' lang='lat' dir='ltr'>nutritioni</span> <span class='ocrx_word' id='word_1_12' title='bbox 257 397 404 454; x_wconf 84' lang='lat' dir='ltr'>foliorum</span> <span class='ocrx_word' id='word_1_13' title='bbox 427 393 677 472; x_wconf 73' lang='lat' dir='ltr'>primordialium</span> <span class='ocrx_word' id='word_1_14' title='bbox 703 411 815 471; x_wconf 85' lang='lat' dir='ltr'>parum</span> <span class='ocrx_word' id='word_1_15' title='bbox 835 396 986 454; x_wconf 84' lang='lat' dir='ltr'>inservire</span> <span class='ocrx_word' id='word_1_16' title='bbox 1009 397 1117 455; x_wconf 85' lang='lat' dir='ltr'>riden-</span> <span class='ocrx_word' id='word_1_17' title='bbox 1153 391 1160 400; x_wconf 72' lang='grc'><strong><em>’</em></strong></span> 
     </span>
     <span class='ocr_line' id='line_1_4' title="bbox 69 474 1117 555; baseline -0.002 -17"><span class='ocrx_word' id='word_1_18' title='bbox 69 482 137 538; x_wconf 75' lang='lat' dir='ltr'>tur.</span> <span class='ocrx_word' id='word_1_19' title='bbox 175 479 206 535; x_wconf 89' lang='lat' dir='ltr'>ln</span> <span class='ocrx_word' id='word_1_20' title='bbox 230 479 263 534; x_wconf 91' lang='lat' dir='ltr'>L.</span> <span class='ocrx_word' id='word_1_21' title='bbox 288 475 357 533; x_wconf 81' lang='lat' dir='ltr'>albo</span> <span class='ocrx_word' id='word_1_22' title='bbox 382 479 523 555; x_wconf 65' lang='lat' dir='ltr'>utique,</span> <span class='ocrx_word' id='word_1_23' title='bbox 540 475 608 531; x_wconf 90' lang='lat' dir='ltr'>solis</span> <span class='ocrx_word' id='word_1_24' title='bbox 637 474 893 553; x_wconf 80' lang='lat' dir='ltr'>primordialibus</span> <span class='ocrx_word' id='word_1_25' title='bbox 909 477 1031 534; x_wconf 74' lang='lat' dir='ltr'>‘adhuc</span> <span class='ocrx_word' id='word_1_26' title='bbox 1051 481 1117 541; x_wconf 87' lang='lat' dir='ltr'>mi·</span> 
     </span>
     <span class='ocr_line' id='line_1_5' title="bbox 30 556 1116 640; baseline -0.002 -21"><span class='ocrx_word' id='word_1_27' title='bbox 30 565 32 569; x_wconf 69' lang='grc'>’</span> <span class='ocrx_word' id='word_1_28' title='bbox 69 564 171 635; x_wconf 85' lang='lat' dir='ltr'>nutis,</span> <span class='ocrx_word' id='word_1_29' title='bbox 195 566 227 616; x_wconf 91' lang='lat' dir='ltr'>et</span> <span class='ocrx_word' id='word_1_30' title='bbox 249 560 279 615; x_wconf 93' lang='lat' dir='ltr'>in</span> <span class='ocrx_word' id='word_1_31' title='bbox 304 559 338 615; x_wconf 90' lang='lat' dir='ltr'>L.</span> <span class='ocrx_word' id='word_1_32' title='bbox 361 558 557 630; x_wconf 87' lang='lat' dir='ltr'>micrantho‚</span> <span class='ocrx_word' id='word_1_33' title='bbox 584 556 629 612; x_wconf 80' lang='lat' dir='ltr'>liis</span> <span class='ocrx_word' id='word_1_34' title='bbox 652 557 789 612; x_wconf 85' lang='lat' dir='ltr'>nondum</span> <span class='ocrx_word' id='word_1_35' title='bbox 811 560 1002 637; x_wconf 78' lang='lat' dir='ltr'>conspicuis,</span> <span class='ocrx_word' id='word_1_36' title='bbox 1024 570 1116 640; x_wconf 84' lang='lat' dir='ltr'>coty-</span> 
     </span>
     <span class='ocr_line' id='line_1_6' title="bbox 39 636 1115 718; baseline 0 -16"><span class='ocrx_word' id='word_1_37' title='bbox 39 644 191 702; x_wconf 68' lang='lat' dir='ltr'>‘ledn&#39;nes</span> <span class='ocrx_word' id='word_1_38' title='bbox 225 649 373 716; x_wconf 76' lang='lat' dir='ltr'>utrasque</span> <span class='ocrx_word' id='word_1_39' title='bbox 407 639 548 711; x_wconf 89' lang='lat' dir='ltr'>desecui,</span> <span class='ocrx_word' id='word_1_40' title='bbox 579 643 645 695; x_wconf 80' lang='lat' dir='ltr'>sine</span> <span class='ocrx_word' id='word_1_41' title='bbox 674 636 739 693; x_wconf 89' lang='lat' dir='ltr'>ullo</span> <span class='ocrx_word' id='word_1_42' title='bbox 767 640 934 718; x_wconf 87' lang='lat' dir='ltr'>conspicuo</span> <span class='ocrx_word' id='word_1_43' title='bbox 965 641 1115 702; x_wconf 85' lang='lat' dir='ltr'>loliorum</span> 
     </span>
     <span class='ocr_line' id='line_1_7' title="bbox 67 719 1116 798; baseline 0.002 -17"><span class='ocrx_word' id='word_1_44' title='bbox 67 725 201 796; x_wconf 86' lang='lat' dir='ltr'>damno,</span> <span class='ocrx_word' id='word_1_45' title='bbox 232 721 379 798; x_wconf 81' lang='lat' dir='ltr'>nullaque</span> <span class='ocrx_word' id='word_1_46' title='bbox 401 720 432 776; x_wconf 88' lang='lat' dir='ltr'>in</span> <span class='ocrx_word' id='word_1_47' title='bbox 455 740 561 777; x_wconf 87' lang='lat' dir='ltr'>corum</span> <span class='ocrx_word' id='word_1_48' title='bbox 584 719 764 778; x_wconf 85' lang='lat' dir='ltr'>evolutione</span> <span class='ocrx_word' id='word_1_49' title='bbox 793 719 875 777; x_wconf 76' lang='lat' dir='ltr'>lacta</span> <span class='ocrx_word' id='word_1_50' title='bbox 900 723 1116 783; x_wconf 75' lang='lat' dir='ltr'>retardatione.</span> 
     </span>
     <span class='ocr_line' id='line_1_8' title="bbox 46 799 1117 882; baseline -0.009 -18"><span class='ocrx_word' id='word_1_51' title='bbox 46 807 98 865; x_wconf 87' lang='lat' dir='ltr'>·ln</span> <span class='ocrx_word' id='word_1_52' title='bbox 123 806 233 862; x_wconf 83' lang='lat' dir='ltr'>annuis</span> <span class='ocrx_word' id='word_1_53' title='bbox 257 799 414 880; x_wconf 74' lang='lat' dir='ltr'>speciebus</span> <span class='ocrx_word' id='word_1_54' title='bbox 447 802 641 878; x_wconf 86' lang='lat' dir='ltr'>cotyledones</span> <span class='ocrx_word' id='word_1_55' title='bbox 669 801 785 857; x_wconf 88' lang='lat' dir='ltr'>sessiles</span> <span class='ocrx_word' id='word_1_56' title='bbox 808 811 881 858; x_wconf 88' lang='lat' dir='ltr'>sunt</span> <span class='ocrx_word' id='word_1_57' title='bbox 912 823 950 861; x_wconf 83' lang='lat' dir='ltr'>ac</span> <span class='ocrx_word' id='word_1_58' title='bbox 976 805 1117 882; x_wconf 74' lang='lat' dir='ltr'>plerum-</span> 
     </span>
     <span class='ocr_line' id='line_1_9' title="bbox 65 882 1115 967; baseline 0.002 -24"><span class='ocrx_word' id='word_1_59' title='bbox 65 906 127 965; x_wconf 85' lang='lat' dir='ltr'>que</span> <span class='ocrx_word' id='word_1_60' title='bbox 148 885 260 942; x_wconf 79' lang='lat' dir='ltr'>eximie</span> <span class='ocrx_word' id='word_1_61' title='bbox 285 882 419 958; x_wconf 74' lang='lat' dir='ltr'>obliquae</span> <span class='ocrx_word' id='word_1_62' title='bbox 436 893 467 940; x_wconf 85' lang='lat' dir='ltr'>et</span> <span class='ocrx_word' id='word_1_63' title='bbox 491 902 621 962; x_wconf 81' lang='lat' dir='ltr'>superne</span> <span class='ocrx_word' id='word_1_64' title='bbox 643 900 779 958; x_wconf 75' lang='lat' dir='ltr'>rugosa,</span> <span class='ocrx_word' id='word_1_65' title='bbox 801 885 832 940; x_wconf 93' lang='lat' dir='ltr'>in</span> <span class='ocrx_word' id='word_1_66' title='bbox 854 885 1045 963; x_wconf 89' lang='lat' dir='ltr'>perennibus</span> <span class='ocrx_word' id='word_1_67' title='bbox 1057 908 1115 967; x_wconf 90' lang='lat' dir='ltr'>pe-</span> 
     </span>
     <span class='ocr_line' id='line_1_10' title="bbox 65 962 1048 1042; baseline -0.006 -18"><span class='ocrx_word' id='word_1_68' title='bbox 65 968 183 1024; x_wconf 85' lang='lat' dir='ltr'>tiulatae</span> <span class='ocrx_word' id='word_1_69' title='bbox 205 976 235 1023; x_wconf 85' lang='lat' dir='ltr'>ct</span> <span class='ocrx_word' id='word_1_70' title='bbox 261 966 362 1022; x_wconf 80' lang='lat' dir='ltr'>miuus</span> <span class='ocrx_word' id='word_1_71' title='bbox 384 962 518 1042; x_wconf 82' lang='lat' dir='ltr'>obliquae</span> <span class='ocrx_word' id='word_1_72' title='bbox 539 965 688 1023; x_wconf 87' lang='lat' dir='ltr'>evadunt.</span> <span class='ocrx_word' id='word_1_73' title='bbox 1046 962 1048 967; x_wconf 73' lang='grc'>’</span> 
     </span>
    </p>
   </div>
   <div class='ocr_carea' id='block_1_3' title="bbox 13 1098 1159 1835">
    <p class='ocr_par' dir='ltr' id='par_1_3' title="bbox 46 1098 1159 1507">
     <span class='ocr_line' id='line_1_11' title="bbox 72 1098 1115 1184; baseline 0.005 -25"><span class='ocrx_word' id='word_1_74' title='bbox 72 1098 75 1102; x_wconf 48' lang='lat'><em>&#39;</em></span> <span class='ocrx_word' id='word_1_75' title='bbox 149 1101 236 1159; x_wconf 87' lang='lat' dir='ltr'>Folia</span> <span class='ocrx_word' id='word_1_76' title='bbox 259 1101 475 1182; x_wconf 81' lang='lat' dir='ltr'>primordialia</span> <span class='ocrx_word' id='word_1_77' title='bbox 499 1099 644 1179; x_wconf 84' lang='lat' dir='ltr'>petiolata</span> <span class='ocrx_word' id='word_1_78' title='bbox 665 1110 695 1158; x_wconf 92' lang='lat' dir='ltr'>et</span> <span class='ocrx_word' id='word_1_79' title='bbox 711 1100 841 1178; x_wconf 84' lang='lat' dir='ltr'>digitata</span> <span class='ocrx_word' id='word_1_80' title='bbox 855 1113 938 1178; x_wconf 84' lang='lat' dir='ltr'>sunt,</span> <span class='ocrx_word' id='word_1_81' title='bbox 952 1104 1115 1184; x_wconf 76' lang='lat' dir='ltr'>spatioque</span> 
     </span>
     <span class='ocr_line' id='line_1_12' title="bbox 46 1178 1116 1265; baseline -0.003 -18"><span class='ocrx_word' id='word_1_82' title='bbox 46 1178 82 1247; x_wconf 76' lang='lat' dir='ltr'>&#39;a</span> <span class='ocrx_word' id='word_1_83' title='bbox 107 1182 343 1264; x_wconf 81' lang='lat' dir='ltr'>cotyledonibus</span> <span class='ocrx_word' id='word_1_84' title='bbox 365 1184 436 1262; x_wconf 89' lang='lat' dir='ltr'>plus</span> <span class='ocrx_word' id='word_1_85' title='bbox 469 1185 569 1240; x_wconf 89' lang='lat' dir='ltr'>minus</span> <span class='ocrx_word' id='word_1_86' title='bbox 587 1183 735 1261; x_wconf 75' lang='lat' dir='ltr'>‘elongato</span> <span class='ocrx_word' id='word_1_87' title='bbox 767 1183 920 1262; x_wconf 80' lang='lat' dir='ltr'>(pollicem</span> <span class='ocrx_word' id='word_1_88' title='bbox 947 1186 997 1242; x_wconf 86' lang='lat' dir='ltr'>vix</span> <span class='ocrx_word' id='word_1_89' title='bbox 1021 1206 1116 1265; x_wconf 86' lang='lat' dir='ltr'>supe-</span> 
     </span>
     <span class='ocr_line' id='line_1_13' title="bbox 64 1262 1115 1343; baseline -0.002 -15"><span class='ocrx_word' id='word_1_90' title='bbox 64 1277 162 1337; x_wconf 82' lang='lat' dir='ltr'>rante)</span> <span class='ocrx_word' id='word_1_91' title='bbox 185 1275 363 1343; x_wconf 55' lang='lat' dir='ltr'>rsuuntur.</span> <span class='ocrx_word' id='word_1_92' title='bbox 408 1264 439 1320; x_wconf 91' lang='lat' dir='ltr'>ln</span> <span class='ocrx_word' id='word_1_93' title='bbox 456 1262 614 1343; x_wconf 77' lang='lat' dir='ltr'>speciebus</span> <span class='ocrx_word' id='word_1_94' title='bbox 636 1267 744 1323; x_wconf 80' lang='lat' dir='ltr'>annuis</span> <span class='ocrx_word' id='word_1_95' title='bbox 761 1266 1043 1324; x_wconf 79' lang='lat' dir='ltr'>invicem&#39;omnino</span> <span class='ocrx_word' id='word_1_96' title='bbox 1070 1271 1115 1326; x_wconf 91' lang='lat' dir='ltr'>si-</span> 
     </span>
     <span class='ocr_line' id='line_1_14' title="bbox 65 1339 1159 1425; baseline -0.001 -17"><span class='ocrx_word' id='word_1_97' title='bbox 65 1352 150 1409; x_wconf 88' lang='lat' dir='ltr'>milia</span> <span class='ocrx_word' id='word_1_98' title='bbox 181 1350 253 1412; x_wconf 72' lang='lat' dir='ltr'>¹sunt</span> <span class='ocrx_word' id='word_1_99' title='bbox 280 1355 310 1403; x_wconf 92' lang='lat' dir='ltr'>et</span> <span class='ocrx_word' id='word_1_100' title='bbox 340 1340 500 1425; x_wconf 83' lang='lat' dir='ltr'>opposito,</span> <span class='ocrx_word' id='word_1_101' title='bbox 528 1346 558 1401; x_wconf 93' lang='lat' dir='ltr'>in</span> <span class='ocrx_word' id='word_1_102' title='bbox 588 1345 774 1423; x_wconf 84' lang='lat' dir='ltr'>perennibus</span> <span class='ocrx_word' id='word_1_103' title='bbox 797 1339 931 1419; x_wconf 80' lang='lat' dir='ltr'>alterna,</span> <span class='ocrx_word' id='word_1_104' title='bbox 968 1348 1043 1404; x_wconf 86' lang='lat' dir='ltr'>folio</span> <span class='ocrx_word' id='word_1_105' title='bbox 1075 1350 1115 1408; x_wconf 87' lang='lat' dir='ltr'>ad</span> <span class='ocrx_word' id='word_1_106' title='bbox 1157 1371 1159 1377; x_wconf 80' lang='grc'><strong>’</strong></span> 
     </span>
     <span class='ocr_line' id='line_1_15' title="bbox 52 1420 1114 1507; baseline -0.002 -18"><span class='ocrx_word' id='word_1_107' title='bbox 52 1420 148 1496; x_wconf 70' lang='lat' dir='ltr'>0latus</span> <span class='ocrx_word' id='word_1_108' title='bbox 170 1439 260 1491; x_wconf 86' lang='lat' dir='ltr'>antea</span> <span class='ocrx_word' id='word_1_109' title='bbox 284 1428 511 1504; x_wconf 81' lang='lat' dir='ltr'>rostelligerum</span> <span class='ocrx_word' id='word_1_110' title='bbox 535 1427 594 1482; x_wconf 85' lang='lat' dir='ltr'>sito</span> <span class='ocrx_word' id='word_1_111' title='bbox 625 1446 746 1504; x_wconf 84' lang='lat' dir='ltr'>semper</span> <span class='ocrx_word' id='word_1_112' title='bbox 778 1429 808 1484; x_wconf 90' lang='lat' dir='ltr'>in</span> <span class='ocrx_word' id='word_1_113' title='bbox 837 1423 884 1482; x_wconf 85' lang='lat' dir='ltr'>his</span> <span class='ocrx_word' id='word_1_114' title='bbox 910 1428 1016 1507; x_wconf 85' lang='lat' dir='ltr'>priori.</span> <span class='ocrx_word' id='word_1_115' title='bbox 1050 1430 1114 1488; x_wconf 89' lang='lat' dir='ltr'>Fo-</span> 
     </span>
    </p>

    <p class='ocr_par' dir='ltr' id='par_1_4' title="bbox 13 1506 1149 1835">
     <span class='ocr_line' id='line_1_16' title="bbox 13 1508 1115 1591; baseline -0.009 -16"><span class='ocrx_word' id='word_1_116' title='bbox 13 1568 15 1575; x_wconf 80' lang='grc'>,</span> <span class='ocrx_word' id='word_1_117' title='bbox 65 1514 136 1572; x_wconf 89' lang='lat' dir='ltr'>liola</span> <span class='ocrx_word' id='word_1_118' title='bbox 161 1511 325 1589; x_wconf 60' lang='lat' dir='ltr'>saepissime</span> <span class='ocrx_word' id='word_1_119' title='bbox 353 1509 390 1581; x_wconf 84' lang='lat'>5,</span> <span class='ocrx_word' id='word_1_120' title='bbox 419 1509 551 1585; x_wconf 78' lang='lat' dir='ltr'>ejusdem</span> <span class='ocrx_word' id='word_1_121' title='bbox 582 1508 690 1565; x_wconf 81' lang='lat' dir='ltr'>formae</span> <span class='ocrx_word' id='word_1_122' title='bbox 718 1528 754 1565; x_wconf 88' lang='lat' dir='ltr'>ac</span> <span class='ocrx_word' id='word_1_123' title='bbox 786 1512 961 1584; x_wconf 83' lang='lat' dir='ltr'>sequentia,</span> <span class='ocrx_word' id='word_1_124' title='bbox 993 1531 1149 1591; x_wconf 86' lang='lat' dir='ltr'>semper</span> 
     </span>
     <span class='ocr_line' id='line_1_17' title="bbox 66 1587 1116 1674; baseline 0.001 -24"><span class='ocrx_word' id='word_1_125' title='bbox 66 1614 121 1674; x_wconf 89' lang='lat' dir='ltr'>per</span> <span class='ocrx_word' id='word_1_126' title='bbox 144 1595 229 1671; x_wconf 83' lang='lat' dir='ltr'>paria</span> <span class='ocrx_word' id='word_1_127' title='bbox 253 1587 439 1670; x_wconf 83' lang='lat' dir='ltr'>complicata</span> <span class='ocrx_word' id='word_1_128' title='bbox 462 1596 550 1662; x_wconf 86' lang='lat' dir='ltr'>sunt,</span> <span class='ocrx_word' id='word_1_129' title='bbox 573 1589 674 1646; x_wconf 89' lang='lat' dir='ltr'>medio</span> <span class='ocrx_word' id='word_1_130' title='bbox 698 1588 851 1647; x_wconf 78' lang='lat' dir='ltr'>terminali</span> <span class='ocrx_word' id='word_1_131' title='bbox 878 1597 908 1646; x_wconf 87' lang='lat' dir='ltr'>et</span> <span class='ocrx_word' id='word_1_132' title='bbox 930 1591 1053 1671; x_wconf 85' lang='lat' dir='ltr'>impari.</span> <span class='ocrx_word' id='word_1_133' title='bbox 1080 1588 1116 1652; x_wconf 85' lang='lat' dir='ltr'>ln</span> 
     </span>
     <span class='ocr_line' id='line_1_18' title="bbox 62 1668 1113 1750; baseline -0.002 -15"><span class='ocrx_word' id='word_1_134' title='bbox 62 1679 98 1735; x_wconf 77' lang='lat' dir='ltr'>L.</span> <span class='ocrx_word' id='word_1_135' title='bbox 119 1672 248 1732; x_wconf 84' lang='lat' dir='ltr'>rivulari</span> <span class='ocrx_word' id='word_1_136' title='bbox 272 1671 376 1729; x_wconf 86' lang='lat' dir='ltr'>foliola</span> <span class='ocrx_word' id='word_1_137' title='bbox 404 1668 542 1728; x_wconf 79' lang='lat' dir='ltr'>lateralia</span> <span class='ocrx_word' id='word_1_138' title='bbox 565 1689 642 1748; x_wconf 81' lang='lat' dir='ltr'>saepe</span> <span class='ocrx_word' id='word_1_139' title='bbox 662 1668 865 1747; x_wconf 82' lang='lat' dir='ltr'>abortiuntur</span> <span class='ocrx_word' id='word_1_140' title='bbox 887 1682 918 1729; x_wconf 92' lang='lat' dir='ltr'>et</span> <span class='ocrx_word' id='word_1_141' title='bbox 942 1675 1113 1750; x_wconf 82' lang='lat' dir='ltr'>terminale,</span> 
     </span>
     <span class='ocr_line' id='line_1_19' title="bbox 62 1755 743 1835; baseline -0.009 -19"><span class='ocrx_word' id='word_1_142' title='bbox 62 1778 129 1818; x_wconf 88' lang='lat' dir='ltr'>uno</span> <span class='ocrx_word' id='word_1_143' title='bbox 149 1756 282 1814; x_wconf 81' lang='lat' dir='ltr'>alterare</span> <span class='ocrx_word' id='word_1_144' title='bbox 304 1755 468 1835; x_wconf 89' lang='lat' dir='ltr'>stipatum,</span> <span class='ocrx_word' id='word_1_145' title='bbox 493 1759 615 1809; x_wconf 88' lang='lat' dir='ltr'>tantum</span> <span class='ocrx_word' id='word_1_146' title='bbox 640 1760 743 1810; x_wconf 81' lang='lat' dir='ltr'>restet.</span> 
     </span>
    </p>
   </div>
   <div class='ocr_carea' id='block_1_4' title="bbox 484 1963 688 2058">
    <p class='ocr_par' dir='ltr' id='par_1_5' title="bbox 484 1963 688 2058">
     <span class='ocr_line' id='line_1_20' title="bbox 484 1963 688 2058; baseline -0.025 -22"><span class='ocrx_word' id='word_1_147' title='bbox 484 1963 688 2058; x_wconf 78' lang='lat' dir='ltr'>Asstrzitas·.</span> 
     </span>
    </p>
   </div>
   <div class='ocr_carea' id='block_1_5' title="bbox 63 2074 1144 2250">
    <p class='ocr_par' dir='ltr' id='par_1_6' title="bbox 63 2074 1144 2250">
     <span class='ocr_line' id='line_1_21' title="bbox 148 2074 1114 2170; baseline 0.002 -22"><span class='ocrx_word' id='word_1_148' title='bbox 148 2089 195 2148; x_wconf 85' lang='lat' dir='ltr'>De</span> <span class='ocrx_word' id='word_1_149' title='bbox 218 2084 353 2170; x_wconf 81' lang='lat' dir='ltr'>Lupini</span> <span class='ocrx_word' id='word_1_150' title='bbox 373 2091 402 2147; x_wconf 88' lang='lat' dir='ltr'>in</span> <span class='ocrx_word' id='word_1_151' title='bbox 425 2074 498 2146; x_wconf 76' lang='lat' dir='ltr'>serie</span> <span class='ocrx_word' id='word_1_152' title='bbox 521 2087 805 2169; x_wconf 81' lang='lat' dir='ltr'>Papilionacearum</span> <span class='ocrx_word' id='word_1_153' title='bbox 837 2088 907 2148; x_wconf 90' lang='lat' dir='ltr'>loco</span> <span class='ocrx_word' id='word_1_154' title='bbox 929 2090 1010 2150; x_wconf 86' lang='lat' dir='ltr'>inter</span> <span class='ocrx_word' id='word_1_155' title='bbox 1035 2111 1114 2151; x_wconf 89' lang='lat' dir='ltr'>auc-</span> 
     </span>
     <span class='ocr_line' id='line_1_22' title="bbox 63 2166 1144 2250; baseline -0.012 -18"><span class='ocrx_word' id='word_1_156' title='bbox 63 2185 146 2234; x_wconf 88' lang='lat' dir='ltr'>tores</span> <span class='ocrx_word' id='word_1_157' title='bbox 167 2175 251 2231; x_wconf 86' lang='lat' dir='ltr'>varie</span> <span class='ocrx_word' id='word_1_158' title='bbox 275 2173 336 2229; x_wconf 84' lang='lat' dir='ltr'>luit</span> <span class='ocrx_word' id='word_1_159' title='bbox 360 2171 564 2250; x_wconf 80' lang='lat' dir='ltr'>disputatum.</span> <span class='ocrx_word' id='word_1_160' title='bbox 593 2205 597 2213; x_wconf 54' lang='grc' dir='ltr'>ι</span> <span class='ocrx_word' id='word_1_161' title='bbox 669 2173 673 2178; x_wconf 80' lang='grc'><strong>“</strong></span> <span class='ocrx_word' id='word_1_162' title='bbox 1139 2166 1144 2179; x_wconf 90' lang='grc'><em>’</em></span> 
     </span>
    </p>
   </div>
   <div class='ocr_carea' id='block_1_6' title="bbox 27 2276 1198 3666">
    <p class='ocr_par' dir='ltr' id='par_1_7' title="bbox 148 2276 1110 2357">
     <span class='ocr_line' id='line_1_23' title="bbox 148 2276 1110 2357; baseline 0.005 -19"><span class='ocrx_word' id='word_1_163' title='bbox 148 2282 405 2338; x_wconf 74' lang='lat' dir='ltr'>Tounneromuus</span> <span class='ocrx_word' id='word_1_164' title='bbox 429 2276 607 2357; x_wconf 78' lang='lat' dir='ltr'>Lupinrrm</span> <span class='ocrx_word' id='word_1_165' title='bbox 630 2281 712 2338; x_wconf 86' lang='lat' dir='ltr'>inter</span> <span class='ocrx_word' id='word_1_166' title='bbox 746 2277 896 2340; x_wconf 77' lang='lat' dir='ltr'>Orobum</span> <span class='ocrx_word' id='word_1_167' title='bbox 920 2290 951 2339; x_wconf 87' lang='lat' dir='ltr'>et</span> <span class='ocrx_word' id='word_1_168' title='bbox 970 2277 1110 2343; x_wconf 80' lang='lat' dir='ltr'>Fabam</span> 
     </span>
    </p>

    <p class='ocr_par' dir='ltr' id='par_1_8' title="bbox 27 2359 1198 3666">
     <span class='ocr_line' id='line_1_24' title="bbox 27 2359 1140 2441; baseline -0.004 -15"><span class='ocrx_word' id='word_1_169' title='bbox 27 2367 31 2375; x_wconf 81' lang='grc'><strong>’</strong></span> <span class='ocrx_word' id='word_1_170' title='bbox 60 2365 224 2434; x_wconf 77' lang='lat' dir='ltr'>collocem,</span> <span class='ocrx_word' id='word_1_171' title='bbox 244 2368 358 2441; x_wconf 81' lang='lat' dir='ltr'>paucos</span> <span class='ocrx_word' id='word_1_172' title='bbox 382 2359 440 2417; x_wconf 88' lang='lat' dir='ltr'>sihi</span> <span class='ocrx_word' id='word_1_173' title='bbox 456 2361 582 2416; x_wconf 81' lang='lat' dir='ltr'>asseclas</span> <span class='ocrx_word' id='word_1_174' title='bbox 606 2362 902 2419; x_wconf 77' lang='lat' dir='ltr'>adscirit.L1unuus</span> <span class='ocrx_word' id='word_1_175' title='bbox 926 2373 1045 2438; x_wconf 84' lang='lat' dir='ltr'>contra,</span> <span class='ocrx_word' id='word_1_176' title='bbox 1061 2364 1112 2422; x_wconf 88' lang='lat' dir='ltr'>hic</span> <span class='ocrx_word' id='word_1_177' title='bbox 1136 2402 1140 2413; x_wconf 57' lang='grc' dir='ltr'><strong><em>ι</em></strong></span> 
     </span>
     <span class='ocr_line' id='line_1_25' title="bbox 59 2444 1110 2525; baseline -0.002 -19"><span class='ocrx_word' id='word_1_178' title='bbox 59 2457 97 2506; x_wconf 89' lang='lat' dir='ltr'>ut</span> <span class='ocrx_word' id='word_1_179' title='bbox 118 2448 194 2504; x_wconf 87' lang='lat' dir='ltr'>alias</span> <span class='ocrx_word' id='word_1_180' title='bbox 219 2451 360 2500; x_wconf 80' lang='lat' dir='ltr'>naturam</span> <span class='ocrx_word' id='word_1_181' title='bbox 398 2461 499 2523; x_wconf 86' lang='lat' dir='ltr'>presse.</span> <span class='ocrx_word' id='word_1_182' title='bbox 521 2444 650 2518; x_wconf 82' lang='lat' dir='ltr'>sequens</span> <span class='ocrx_word' id='word_1_183' title='bbox 673 2444 836 2525; x_wconf 34' lang='lat' dir='ltr'>etnanimo</span> <span class='ocrx_word' id='word_1_184' title='bbox 862 2444 990 2502; x_wconf 81' lang='lat' dir='ltr'>mirifice</span> <span class='ocrx_word' id='word_1_185' title='bbox 1022 2445 1110 2504; x_wconf 88' lang='lat' dir='ltr'>inda·</span> 
     </span>
     <span class='ocr_line' id='line_1_26' title="bbox 27 2521 1112 2610; baseline -0.001 -23"><span class='ocrx_word' id='word_1_186' title='bbox 27 2590 30 2607; x_wconf 56' lang='lat'>‚</span> <span class='ocrx_word' id='word_1_187' title='bbox 62 2549 146 2610; x_wconf 75' lang='lat' dir='ltr'>gans,</span> <span class='ocrx_word' id='word_1_188' title='bbox 171 2529 202 2584; x_wconf 92' lang='lat' dir='ltr'>in</span> <span class='ocrx_word' id='word_1_189' title='bbox 225 2527 335 2607; x_wconf 86' lang='lat' dir='ltr'>primis</span> <span class='ocrx_word' id='word_1_190' title='bbox 363 2548 381 2583; x_wconf 91' lang='lat'>0</span> <span class='ocrx_word' id='word_1_191' title='bbox 406 2523 510 2583; x_wconf 83' lang='lat' dir='ltr'>eribus</span> <span class='ocrx_word' id='word_1_192' title='bbox 534 2523 563 2579; x_wconf 87' lang='lat' dir='ltr'>in</span> <span class='ocrx_word' id='word_1_193' title='bbox 587 2521 875 2587; x_wconf 78' lang='lat' dir='ltr'>viciniaGenz&#39;stoe</span> <span class='ocrx_word' id='word_1_194' title='bbox 888 2535 926 2582; x_wconf 79' lang='lat' dir='ltr'>et</span> <span class='ocrx_word' id='word_1_195' title='bbox 948 2521 1071 2586; x_wconf 81' lang='lat' dir='ltr'>Crotal</span> <span class='ocrx_word' id='word_1_196' title='bbox 1094 2560 1112 2573; x_wconf 91' lang='lat'>-</span> 
     </span>
     <span class='ocr_line' id='line_1_27' title="bbox 64 2599 1144 2688; baseline -0.003 -18"><span class='ocrx_word' id='word_1_197' title='bbox 64 2609 149 2683; x_wconf 77' lang='lat' dir='ltr'>rice,</span> <span class='ocrx_word' id='word_1_198' title='bbox 172 2607 243 2664; x_wconf 84' lang='lat' dir='ltr'>dein</span> <span class='ocrx_word' id='word_1_199' title='bbox 267 2602 341 2664; x_wconf 85' lang='lat' dir='ltr'>liinc</span> <span class='ocrx_word' id='word_1_200' title='bbox 387 2603 592 2677; x_wconf 66' lang='lat' dir='ltr'>lrotnlnrz&#39;oe,</span> <span class='ocrx_word' id='word_1_201' title='bbox 617 2599 730 2664; x_wconf 76' lang='lat' dir='ltr'>Orioni</span> <span class='ocrx_word' id='word_1_202' title='bbox 750 2629 784 2664; x_wconf 80' lang='lat' dir='ltr'>ac</span> <span class='ocrx_word' id='word_1_203' title='bbox 806 2605 1008 2688; x_wconf 74' lang='lat' dir='ltr'>Antlzyllidi</span> <span class='ocrx_word' id='word_1_204' title='bbox 1027 2610 1113 2667; x_wconf 88' lang='lat' dir='ltr'>illinc</span> <span class='ocrx_word' id='word_1_205' title='bbox 1143 2602 1144 2606; x_wconf 56' lang='grc'>’</span> 
     </span>
     <span class='ocr_line' id='line_1_28' title="bbox 62 2685 1136 2765; baseline -0.002 -16"><span class='ocrx_word' id='word_1_206' title='bbox 62 2685 230 2759; x_wconf 80' lang='lat' dir='ltr'>Plrusenlo</span> <span class='ocrx_word' id='word_1_207' title='bbox 253 2690 480 2743; x_wconf 87' lang='lat' dir='ltr'>conterminum</span> <span class='ocrx_word' id='word_1_208' title='bbox 507 2686 640 2742; x_wconf 87' lang='lat' dir='ltr'>militare</span> <span class='ocrx_word' id='word_1_209' title='bbox 668 2688 762 2762; x_wconf 69' lang='lat' dir='ltr'>jussit.</span> <span class='ocrx_word' id='word_1_210' title='bbox 787 2691 997 2761; x_wconf 73' lang='lat' dir='ltr'>Aususourus,</span> <span class='ocrx_word' id='word_1_211' title='bbox 1023 2694 1111 2765; x_wconf 84' lang='lat' dir='ltr'>cujus</span> <span class='ocrx_word' id='word_1_212' title='bbox 1133 2723 1136 2729; x_wconf 81' lang='lat'><strong>·</strong></span> 
     </span>
     <span class='ocr_line' id='line_1_29' title="bbox 61 2765 1110 2848; baseline -0.001 -19"><span class='ocrx_word' id='word_1_213' title='bbox 61 2781 183 2830; x_wconf 85' lang='lat' dir='ltr'>tantum</span> <span class='ocrx_word' id='word_1_214' title='bbox 217 2767 362 2826; x_wconf 79' lang='lat' dir='ltr'>laudatur</span> <span class='ocrx_word' id='word_1_215' title='bbox 395 2769 426 2824; x_wconf 91' lang='lat' dir='ltr'>in</span> <span class='ocrx_word' id='word_1_216' title='bbox 459 2765 505 2825; x_wconf 91' lang='lat' dir='ltr'>bis</span> <span class='ocrx_word' id='word_1_217' title='bbox 534 2766 648 2846; x_wconf 84' lang='lat' dir='ltr'>plantis</span> <span class='ocrx_word' id='word_1_218' title='bbox 686 2766 910 2828; x_wconf 82' lang='lat' dir='ltr'>distribuendis</span> <span class='ocrx_word' id='word_1_219' title='bbox 934 2769 1110 2848; x_wconf 82' lang='lat' dir='ltr'>ingenium,</span> 
     </span>
     <span class='ocr_line' id='line_1_30' title="bbox 66 2845 1111 2930; baseline 0.001 -19"><span class='ocrx_word' id='word_1_220' title='bbox 66 2849 240 2912; x_wconf 83' lang='lat' dir='ltr'>Gem&#39;sleis</span> <span class='ocrx_word' id='word_1_221' title='bbox 265 2851 326 2907; x_wconf 81' lang='lat' dir='ltr'>suis</span> <span class='ocrx_word' id='word_1_222' title='bbox 350 2849 522 2928; x_wconf 83' lang='lat' dir='ltr'>etquidem</span> <span class='ocrx_word' id='word_1_223' title='bbox 548 2849 708 2927; x_wconf 83' lang='lat' dir='ltr'>generibus</span> <span class='ocrx_word' id='word_1_224' title='bbox 736 2845 958 2930; x_wconf 62' lang='lat' dir='ltr'>Ti‘is&#39;olz&#39;nceis</span> <span class='ocrx_word' id='word_1_225' title='bbox 978 2853 1111 2923; x_wconf 85' lang='lat' dir='ltr'>adnume</span> 
     </span>
     <span class='ocr_line' id='line_1_31' title="bbox 60 2929 1111 3012; baseline 0.003 -20"><span class='ocrx_word' id='word_1_226' title='bbox 60 2934 385 2992; x_wconf 87' lang='lat' dir='ltr'>ravit.‘lmmortalis</span> <span class='ocrx_word' id='word_1_227' title='bbox 415 2931 574 2990; x_wconf 84' lang='lat' dir='ltr'>Jussreuus</span> <span class='ocrx_word' id='word_1_228' title='bbox 607 2929 711 2990; x_wconf 91' lang='lat' dir='ltr'>locum</span> <span class='ocrx_word' id='word_1_229' title='bbox 743 2935 825 2991; x_wconf 87' lang='lat' dir='ltr'>inter</span> <span class='ocrx_word' id='word_1_230' title='bbox 859 2955 968 3012; x_wconf 82' lang='lat' dir='ltr'>genera</span> <span class='ocrx_word' id='word_1_231' title='bbox 1007 2930 1111 2995; x_wconf 79' lang='lat' dir='ltr'>Geni-</span> 
     </span>
     <span class='ocr_line' id='line_1_32' title="bbox 61 3009 1178 3094; baseline 0.004 -22"><span class='ocrx_word' id='word_1_232' title='bbox 61 3023 153 3087; x_wconf 79' lang='lat' dir='ltr'>slecr,</span> <span class='ocrx_word' id='word_1_233' title='bbox 190 3010 399 3074; x_wconf 80' lang='lat' dir='ltr'>Crotalarz&#39;oe</span> <span class='ocrx_word' id='word_1_234' title='bbox 419 3022 449 3068; x_wconf 87' lang='lat' dir='ltr'>et</span> <span class='ocrx_word' id='word_1_235' title='bbox 479 3009 592 3070; x_wconf 70' lang='lat' dir='ltr'>Orioni</span> <span class='ocrx_word' id='word_1_236' title='bbox 616 3017 813 3092; x_wconf 84' lang='lat' dir='ltr'>proximum,</span> <span class='ocrx_word' id='word_1_237' title='bbox 834 3016 971 3094; x_wconf 62' lang='lat' dir='ltr'>Lupin0*</span> <span class='ocrx_word' id='word_1_238' title='bbox 985 3015 1110 3076; x_wconf 88' lang='lat' dir='ltr'>tribuit.</span> <span class='ocrx_word' id='word_1_239' title='bbox 1171 3051 1178 3062; x_wconf 87' lang='lat'><strong>·</strong></span> 
     </span>
     <span class='ocr_line' id='line_1_33' title="bbox 64 3093 1114 3172; baseline 0.003 -20"><span class='ocrx_word' id='word_1_240' title='bbox 64 3093 506 3172; x_wconf 76' lang='lat' dir='ltr'>Gsuu&#39;rnenus,carpologicis</span> <span class='ocrx_word' id='word_1_241' title='bbox 523 3097 585 3150; x_wconf 88' lang='lat' dir='ltr'>suis</span> <span class='ocrx_word' id='word_1_242' title='bbox 606 3093 874 3153; x_wconf 84' lang='lat' dir='ltr'>observationibus</span> <span class='ocrx_word' id='word_1_243' title='bbox 897 3096 1006 3169; x_wconf 85' lang='lat' dir='ltr'>fultus,</span> <span class='ocrx_word' id='word_1_244' title='bbox 1028 3094 1114 3155; x_wconf 84' lang='lat' dir='ltr'>iuter</span> 
     </span>
     <span class='ocr_line' id='line_1_34' title="bbox 60 3169 1145 3254; baseline 0.002 -18"><span class='ocrx_word' id='word_1_245' title='bbox 60 3169 267 3236; x_wconf 80' lang='lat' dir='ltr'>Plraseolum</span> <span class='ocrx_word' id='word_1_246' title='bbox 290 3183 321 3232; x_wconf 87' lang='lat' dir='ltr'>et</span> <span class='ocrx_word' id='word_1_247' title='bbox 346 3170 677 3247; x_wconf 45' lang='lat' dir='ltr'>,Viciumcollocuvit</span> <span class='ocrx_word' id='word_1_248' title='bbox 722 3175 891 3254; x_wconf 80' lang='lat' dir='ltr'>sequentes</span> <span class='ocrx_word' id='word_1_249' title='bbox 913 3187 1053 3234; x_wconf 77' lang='lat' dir='ltr'>auctores</span> <span class='ocrx_word' id='word_1_250' title='bbox 1074 3169 1113 3237; x_wconf 87' lang='lat' dir='ltr'>ut</span> <span class='ocrx_word' id='word_1_251' title='bbox 1141 3205 1145 3213; x_wconf 67' lang='lat'><strong><em>¹</em></strong></span> 
     </span>
     <span class='ocr_line' id='line_1_35' title="bbox 60 3255 1198 3336; baseline 0 -19"><span class='ocrx_word' id='word_1_252' title='bbox 60 3256 256 3317; x_wconf 84' lang='lat' dir='ltr'>characteres</span> <span class='ocrx_word' id='word_1_253' title='bbox 289 3257 375 3315; x_wconf 82' lang='lat' dir='ltr'>vele</span> <span class='ocrx_word' id='word_1_254' title='bbox 406 3255 512 3312; x_wconf 80' lang='lat' dir='ltr'>fructu</span> <span class='ocrx_word' id='word_1_255' title='bbox 538 3257 625 3316; x_wconf 90' lang='lat' dir='ltr'>vel-e</span> <span class='ocrx_word' id='word_1_256' title='bbox 651 3257 726 3317; x_wconf 78' lang='lat' dir='ltr'>flore</span> <span class='ocrx_word' id='word_1_257' title='bbox 748 3258 906 3316; x_wconf 86' lang='lat' dir='ltr'>desumtos</span> <span class='ocrx_word' id='word_1_258' title='bbox 938 3260 1038 3336; x_wconf 82' lang='lat' dir='ltr'>magni</span> <span class='ocrx_word' id='word_1_259' title='bbox 1060 3260 1110 3318; x_wconf 82' lang='lat' dir='ltr'>fa&#39;-</span> <span class='ocrx_word' id='word_1_260' title='bbox 1193 3282 1198 3290; x_wconf 83' lang='grc'><strong>’</strong></span> 
     </span>
     <span class='ocr_line' id='line_1_36' title="bbox 60 3339 1110 3420; baseline 0.002 -22"><span class='ocrx_word' id='word_1_261' title='bbox 60 3349 187 3411; x_wconf 72' lang='lat' dir='ltr'>curent,</span> <span class='ocrx_word' id='word_1_262' title='bbox 219 3359 301 3397; x_wconf 90' lang='lat' dir='ltr'>nunc</span> <span class='ocrx_word' id='word_1_263' title='bbox 333 3340 426 3417; x_wconf 71' lang='lat' dir='ltr'>hujus</span> <span class='ocrx_word' id='word_1_264' title='bbox 450 3359 534 3396; x_wconf 72' lang='lat' dir='ltr'>utine</span> <span class='ocrx_word' id='word_1_265' title='bbox 557 3339 682 3398; x_wconf 90' lang='lat' dir='ltr'>illorum</span> <span class='ocrx_word' id='word_1_266' title='bbox 712 3341 853 3419; x_wconf 78' lang='lat' dir='ltr'>&#39;vestigia&#39;</span> <span class='ocrx_word' id='word_1_267' title='bbox 875 3359 1026 3420; x_wconf 83' lang='lat' dir='ltr'>pressere,</span> <span class='ocrx_word' id='word_1_268' title='bbox 1050 3340 1110 3400; x_wconf 90' lang='lat' dir='ltr'>dn-</span> 
     </span>
     <span class='ocr_line' id='line_1_37' title="bbox 59 3419 1108 3503; baseline 0 -22"><span class='ocrx_word' id='word_1_269' title='bbox 59 3443 115 3481; x_wconf 89' lang='lat' dir='ltr'>nec</span> <span class='ocrx_word' id='word_1_270' title='bbox 155 3423 404 3492; x_wconf 67' lang='lat' dir='ltr'>Decennonmus,</span> <span class='ocrx_word' id='word_1_271' title='bbox 440 3419 562 3498; x_wconf 86' lang='lat' dir='ltr'>speciali</span> <span class='ocrx_word' id='word_1_272' title='bbox 593 3422 695 3481; x_wconf 92' lang='lat' dir='ltr'>studio</span> <span class='ocrx_word' id='word_1_273' title='bbox 735 3423 789 3480; x_wconf 90' lang='lat' dir='ltr'>has</span> <span class='ocrx_word' id='word_1_274' title='bbox 820 3423 942 3500; x_wconf 85' lang='lat' dir='ltr'>plantas</span> <span class='ocrx_word' id='word_1_275' title='bbox 969 3422 1108 3503; x_wconf 84' lang='lat' dir='ltr'>amplec-</span> 
     </span>
     <span class='ocr_line' id='line_1_38' title="bbox 58 3503 1119 3586; baseline 0.002 -25"><span class='ocrx_word' id='word_1_276' title='bbox 58 3515 142 3577; x_wconf 80' lang='lat' dir='ltr'>tens,</span> <span class='ocrx_word' id='word_1_277' title='bbox 165 3505 284 3579; x_wconf 82' lang='lat' dir='ltr'>ingenio</span> <span class='ocrx_word' id='word_1_278' title='bbox 305 3504 449 3581; x_wconf 84' lang='lat' dir='ltr'>singulari</span> <span class='ocrx_word' id='word_1_279' title='bbox 474 3520 589 3560; x_wconf 88' lang='lat' dir='ltr'>novum</span> <span class='ocrx_word' id='word_1_280' title='bbox 612 3503 762 3562; x_wconf 82' lang='lat' dir='ltr'>lumeniu</span> <span class='ocrx_word' id='word_1_281' title='bbox 783 3503 1035 3563; x_wconf 64' lang='lat' dir='ltr'>distributionem</span> <span class='ocrx_word' id='word_1_282' title='bbox 1053 3525 1119 3586; x_wconf 78' lang='lat' dir='ltr'>sy·-</span> 
     </span>
     <span class='ocr_line' id='line_1_39' title="bbox 58 3581 911 3666; baseline 0 -23"><span class='ocrx_word' id='word_1_283' title='bbox 58 3586 253 3650; x_wconf 79' lang='lat' dir='ltr'>ttematicurn</span> <span class='ocrx_word' id='word_1_284' title='bbox 277 3587 553 3666; x_wconf 78' lang='lat' dir='ltr'>Leguminosarum</span> <span class='ocrx_word' id='word_1_285' title='bbox 577 3587 698 3665; x_wconf 86' lang='lat' dir='ltr'>sparsit.</span> <span class='ocrx_word' id='word_1_286' title='bbox 907 3581 911 3586; x_wconf 71' lang='grc'><strong>’</strong></span> 
     </span>
    </p>
   </div>
   <div class='ocr_carea' id='block_1_7' title="bbox 58 3706 1149 3980">
    <p class='ocr_par' dir='ltr' id='par_1_9' title="bbox 58 3706 1149 3980">
     <span class='ocr_line' id='line_1_40' title="bbox 139 3706 1108 3800; baseline 0.002 -20"><span class='ocrx_word' id='word_1_287' title='bbox 139 3722 267 3780; x_wconf 88' lang='lat' dir='ltr'>Constat</span> <span class='ocrx_word' id='word_1_288' title='bbox 290 3718 376 3776; x_wconf 93' lang='lat' dir='ltr'>illum</span> <span class='ocrx_word' id='word_1_289' title='bbox 402 3721 474 3779; x_wconf 90' lang='lat' dir='ltr'>novi</span> <span class='ocrx_word' id='word_1_290' title='bbox 497 3712 677 3800; x_wconf 76' lang='lat' dir='ltr'>systematis·</span> <span class='ocrx_word' id='word_1_291' title='bbox 695 3706 971 3800; x_wconf 82' lang='lat' dir='ltr'>Leguminosaruin</span> <span class='ocrx_word' id='word_1_292' title='bbox 998 3723 1108 3782; x_wconf 91' lang='lat' dir='ltr'>condi-</span> 
     </span>
     <span class='ocr_line' id='line_1_41' title="bbox 58 3801 1149 3885; baseline 0 -23"><span class='ocrx_word' id='word_1_293' title='bbox 58 3813 155 3862; x_wconf 89' lang='lat' dir='ltr'>torcm</span> <span class='ocrx_word' id='word_1_294' title='bbox 192 3801 424 3860; x_wconf 82' lang='lat' dir='ltr'>fundamentum</span> <span class='ocrx_word' id='word_1_295' title='bbox 445 3804 606 3861; x_wconf 82' lang='lat' dir='ltr'>divisionis</span> <span class='ocrx_word' id='word_1_296' title='bbox 632 3807 787 3885; x_wconf 66' lang='lat' dir='ltr'>primariae</span> <span class='ocrx_word' id='word_1_297' title='bbox 817 3804 1110 3883; x_wconf 83' lang='lat' dir='ltr'>Papilionaceurum</span> <span class='ocrx_word' id='word_1_298' title='bbox 1145 3814 1149 3825; x_wconf 90' lang='grc'><em>“</em></span> 
     </span>
     <span class='ocr_line' id='line_1_42' title="bbox 59 3884 1145 3980; baseline -0.008 -37"><span class='ocrx_word' id='word_1_299' title='bbox 59 3892 209 3944; x_wconf 85' lang='lat' dir='ltr'>enatura</span> <span class='ocrx_word' id='word_1_300' title='bbox 240 3894 272 3943; x_wconf 89' lang='lat' dir='ltr'>et</span> <span class='ocrx_word' id='word_1_301' title='bbox 291 3885 490 3944; x_wconf 80' lang='lat' dir='ltr'>consistentia</span> <span class='ocrx_word' id='word_1_302' title='bbox 513 3886 739 3971; x_wconf 77' lang='lat' dir='ltr'>cotylcdunum</span> <span class='ocrx_word' id='word_1_303' title='bbox 758 3888 919 3947; x_wconf 71' lang='lat' dir='ltr'>sunxs&#39;xsse.</span> <span class='ocrx_word' id='word_1_304' title='bbox 959 3884 1145 3980; x_wconf 47' lang='lat' dir='ltr'>&amp;asemas--x</span> 
     </span>
    </p>
   </div>
   <div class='ocr_carea' id='block_1_8' title="bbox 0 0 1298 4214">
    <p class='ocr_par' dir='ltr' id='par_1_10' title="bbox 0 0 1298 4214">
     <span class='ocr_line' id='line_1_43' title="bbox 0 0 1298 4214; baseline 0 1"><span class='ocrx_word' id='word_1_305' title='bbox 0 0 1298 4214; x_wconf 95' lang='lat' dir='ltr'> </span> 
     </span>
    </p>
   </div>
  </div>
 </body>
</html>
