2588 4214
189 91 325 152 lV‘

148 257 230 328 cuit,
252 267 306 308 nec
331 249 362 306 in
388 247 440 320 iis,
451 263 529 323 quas
551 242 734 319 observavi,
752 245 906 326 aliquida
928 256 1086 308 structura
1113 249 1187 309 vul-

146 335 211 415 gari
234 329 513 408 Leguminosarum
536 325 683 385 aberrans
704 330 824 390 inveni.

225 496 272 553 De
292 511 352 551 usu
373 491 567 567 Lupinorum
592 487 657 548 fere
679 488 777 565 nibil,
799 489 888 572 quod
911 489 1097 550 observetur
1116 491 1189 571 dig-

143 600 235 652 num,
258 571 447 633 afferendum
472 569 582 630 babeo.
625 569 749 629 Semina
767 573 802 631 L.
823 571 898 647 albi,
911 580 948 629 ut
968 570 1086 630 delicia
1109 574 1191 653 apud

144 666 269 724 Grecos
298 665 331 714 et
357 653 514 712 Romanos
543 651 719 727 celebrata,
739 663 773 712 et
805 654 877 713 ideo
909 651 1016 712 adhuc
1047 663 1191 735 ternpore

142 747 366 816 Turnusque
389 735 430 794 ad
453 734 601 795 Rhenum
624 733 730 804 culta,
762 736 873 795 nostris
897 733 1009 794 diebus
1032 735 1096 794 lere
1117 745 1192 796 tan-

142 837 212 885 tum
241 819 357 879 lamam
392 817 528 896 pristinae
568 814 673 888 laudis¹
704 824 877 877 servarunt.
937 814 1054 894 Sapore
1083 838 1191 878 amaro

139 907 266 977 demto,
291 898 421 978 quidem
440 896 547 956 adhuc
568 897 668 955 victui
692 907 906 977 usurpantur,
936 896 1009 970 sed,
1030 907 1068 956 ut
1101 899 1191 959 vide-

145 999 210 1059 tur,
232 1004 250 1041 a
269 981 374 1042 viliori
396 987 518 1037 tantum
548 976 635 1060 plebe
661 979 771 1037 infima·
796 977 941 1057 Europa.
983 980 1044 1038 Nec
1066 980 1098 1039 in
1122 998 1191 1041 me-

143 1069 264 1138 dicina,
286 1063 344 1122 nisi
370 1059 541 1138 aliquando
563 1061 594 1116 in
615 1058 776 1138 pulverem
798 1059 949 1136 reducta,
975 1059 1189 1136 adhibentur3

146 1150 223 1210 olim
247 1153 350 1204 autem
383 1149 418 1198 ut
439 1142 630 1220 operientia,
657 1139 828 1216 diuretica,
856 1143 1029 1222 vermiluga
1060 1153 1092 1201 et
1122 1164 1190 1203 em-

141 1245 308 1308 menagoga
338 1222 465 1282 laudata
497 1221 636 1281 fuerunt.
678 1222 789 1282 Potius
815 1244 888 1282 vero
914 1233 950 1283 ut
983 1224 1133 1305 pabulum
1154 1226 1190 1284 1..

142 1312 231 1372 albus
252 1318 284 1368 et
305 1305 427 1365 Termis
448 1302 555 1362 adbuc
577 1303 683 1362 multis
704 1303 780 1363 locis
800 1304 954 1364 coluntur.
998 1308 1032 1365 ln
1055 1304 1191 1388 AEgypto

143 1393 247 1454 caules
268 1393 304 1449 L.
336 1386 457 1445 Termis
481 1395 681 1457 cremantur,
710 1395 741 1444 et
771 1385 920 1445 carbones
949 1391 993 1446 ita
1016 1389 1205 1468 comparati·

141 1476 180 1536 ad
197 1474 357 1553 pulverem
381 1471 507 1547 pyrium
539 1464 765 1544 perficiendum
790 1469 903 1549 optimi
938 1469 1099 1528 dicuntur.
1142 1469 1189 1528 Ex

141 1557 211 1615 aliis
233 1548 394 1632 speciebus
420 1546 455 1605 L.
477 1545 621 1605 littoralis
654 1556 777 1607 tantum
809 1549 879 1606 usui
903 1548 1064 1608 hominum
1090 1551 1188 1611 inser·

105 1678 117 1687 -
142 1639 208 1697 vire
231 1632 382 1693 videatur.
425 1629 556 1688 Radices
588 1628 651 1706 ejus
681 1632 849 1707 granulatae
875 1633 1037 1690 materiam
1070 1630 1189 1691 larino-

139 1738 203 1778 sam
218 1712 376 1798 praeben't,
396 1730 490 1791 quam
507 1709 701 1786 aborigines,
722 1707 902 1771 ”Chenonh
923 1707 1090 1774 Indiaue
1101 1714 1189 1787 dieti,

141 1801 244 1878 magni
281 1795 420 1868 faciunt,
454 1800 484 1848 et
516 1793 547 1848 in
580 1809 632 1849 sua
664 1791 770 1871 lingua
798 1788 1047 1854 ''Somucbtan”
1069 1793 1189 1854 dicunt.

139 1879 197 1940 Est
218 1879 283 1937 brec
305 1872 413 1934 eadem
438 1873 586 1945 materia,
608 1893 676 1950 quoe
697 1895 714 1931 a
738 1874 839 1935 Lewis
861 1885 892 1933 et
907 1875 1019 1934 Clarlre
1041 1895 1077 1933 ac
1098 1877 1191 1934 navi-

143 1959 324 2042 gatoribus,
362 1957 416 2036 qui
439 1974 508 2014 oras
531 1953 875 2016 boreali-occidentales
907 1959 1058 2016 Americae
1082 1959 1190 2017 visita-

142 2053 227 2120 runt,
250 2048 454 2100 memoratur.

193 2246 196 2253 .
225 2206 301 2282 Quae
328 2203 366 2262 de
388 2197 572 2283 geographia
593 2198 788 2280 Lupinorurn
809 2199 943 2277 scimus,
967 2201 1072 2262 adbuc
1094 2202 1191 2260 nimi·
1223 2219 1226 2223 ·

141 2314 196 2354 um
217 2292 333 2350 incerta
375 2303 411 2342 ac
438 2281 656 2358 fragmentaria
680 2292 768 2356 sunt,
796 2305 890 2362 quam
914 2294 951 2342 ut
981 2283 1090 2342 exinde
1110 2282 1190 2361 leges

142 2372 292 2454 quasdam
325 2364 482 2445 generales
517 2362 659 2441 colligere
707 2365 922 2438 auderemus,
953 2365 1125 2446 praesertim
1155 2366 1187 2422 in

143 2473 253 2536 genere
276 2447 330 2506 ubi
363 2446 460 2504 indies
490 2464 576 2502 novae
598 2443 711 2502 additae
739 2446 854 2525 species
884 2448 989 2506 irritos
1017 2444 1108 2524 plane
1131 2466 1190 2503 no-

138 2548 218 2596 stros
238 2541 366 2592 conatus
384 2525 557 2586 redderent.
602 2527 679 2600 Quae
703 2537 804 2584 tamen
828 2529 952 2601 scimus,
975 2527 1047 2585 licet
1067 2527 1186 2606 imper-

146 2607 243 2692 fecta,
273 2634 333 2672 non
361 2607 551 2688 negligenda.
596 2609 792 2687 Temperiem
825 2609 975 2668 fervidam
1007 2626 1037 2666 se
1066 2608 1190 2667 subdu-

141 2720 210 2759 cere
238 2694 386 2755 videntur
407 2691 545 2768 Lupini,
564 2700 770 2770 temperatam
797 2700 1020 2769 preoptantes,
1051 2709 1107 2747 nec
1131 2691 1190 2747 fri-

142 2781 245 2858 gidam
280 2775 408 2833 omnino
442 2771 603 2848 fugientes.
647 2771 689 2828 Et
711 2774 793 2830 enim
818 2771 904 2847 longe
927 2771 1059 2828 maxima
1079 2789 1188 2829 eorum

144 2880 217 2944 pars
246 2860 277 2916 in
304 2855 356 2913 illa
388 2855 540 2911 Americae
569 2851 903 2910 boreali-occidentalis
932 2851 1022 2931 plaga
1042 2849 1191 2926 obvenit,

143 2963 212 3021 quae
251 2941 332 2997 inter
362 2932 486 2994 latitud.
521 2933 653 3012 gradum
691 2930 733 2989 50
763 2945 794 2991 et
826 2935 984 3013 tropicum
1026 2933 1103 3006 sita,
1136 2953 1192 2990 oc-

142 3024 294 3097 cidentem
334 3036 437 3078 versus
476 3013 516 3074 ab
559 3033 673 3074 oceano
709 3016 840 3095 pacilico
880 3026 912 3074 et
944 3033 1051 3074 versus
1086 3015 1191 3072 orien-

144 3116 207 3164 tem
239 3124 257 3162 a
294 3104 374 3181 jugis
405 3098 514 3177 Roclry
544 3099 720 3158 Mountains
755 3098 931 3170 limitatum
962 3106 993 3155 et
1022 3096 1117 3154 etiarn
1150 3117 1192 3156 ee

140 3189 274 3268 species,
312 3204 382 3264 que
402 3180 478 3239 'sub
513 3177 674 3238 fervidiori
717 3178 788 3235 calo
819 3180 945 3254 vigent,
987 3180 1018 3234 in
1049 3181 1192 3256 regiones

142 3270 240 3346 magis
270 3263 402 3323 elevatos
433 3261 649 3339 confugerunt.
693 3259 807 3334 Quoad
837 3257 1040 3317 elevationem
1072 3262 1188 3338 species

140 3352 183 3407 ita
206 3348 246 3407 ab
271 3348 338 3426 ipso
368 3347 469 3404 limite
500 3344 594 3401 maris
623 3340 668 3414 (L.
702 3340 856 3408 littoralis)
880 3361 977 3419 usque
1004 3340 1044 3398 nd
1067 3350 1191 3399 conter-

146 3433 248 3490 minos
271 3429 351 3485 nivis
372 3423 640 3507 sempiternae-(L.
664 3422 871 3496 Sabinianus,
895 3421 1113 3498 Smitbianus)
1138 3421 1191 3480 di-

143 3510 285 3570 stributae
306 3519 388 3568 sunt.

221 3646 256 3705 ld
280 3664 353 3703 vero
369 3644 504 3702 maxime
524 3642 682 3722 peculiare
706 3644 737 3700 in
761 3637 983 3700 distributione
1017 3641 1189 3717 specierum

128 3730 255 3805 Lupini
282 3728 479 3797 invenimus,
502 3724 586 3803 quod
607 3723 768 3783 domicilia
795 3723 888 3779 certis
908 3731 946 3778 et·
958 3721 1093 3780 delinitis
1116 3719 1191 3777 locis

108 3805 178 3862 sihi
216 3807 397 3882 elegerunt.
458 3805 513 3868 Sic
553 3807 585 3866 in
628 3804 732 3865 tribus
770 3803 979 3884 potissimum
1010 3800 1105 3880 plagis
1136 3819 1190 3857 ea-
