2588 4214
144 101 174 158 ll

109 265 312 336 Boratinon,
328 266 465 342 quitum
487 264 629 344 pluribus
651 266 811 347 speciebus
826 267 1062 326 Desrousseauxi
1085 272 1156 350 ple-

108 365 179 403 nam
207 345 366 403 civitatem
392 345 588 419 tribuerunt,
619 358 687 406 tum
720 369 881 408 numerum
913 349 1153 426 cognitarumii

109 427 216 499 novis,
237 445 254 480 e
270 428 367 506 plagis
391 429 660 506 aequinoctialibus
682 429 766 487 orbis
788 432 858 490 novi
885 433 1066 508 reportatis,
1095 454 1156 491 au-

101 515 229 566 xerunt.
272 509 319 565 lta
340 519 495 568 crescente
524 515 634 567 sensim
666 513 752 590 copia
772 513 944 590 specierum
976 512 1158 572 Dncxuuon-

109 607 199 663 urus,
230 609 311 648 nova
338 593 513 649 recensione
543 589 829 667 facta‚'nunrer·um
862 612 969 651 earum
996 595 1156 671 usquead

110 665 153 726 36
172 675 285 730 evexit.
329 670 532 729 Sananennrus
555 672 708 752 denique,
740 675 770 730 in
795 676 988 733 contrarium
1013 673 1159 751 tendens,

109 769 191 809 nova
232 753 316 813 nulla
345 753 488 830 adiecta,
520 754 614 811 variis
643 764 749 812 autem
783 756 861 834 male
897 754 1069 833 abrogatis,
1106 776 1158 815 eas

110 830 152 889 ad
171 831 212 891 29
231 835 396 894 restrinxit.
441 833 610 912 Hucusque
633 845 739 893 autem
763 835 900 895 thesauri
925 837 1076 895 Americae
1098 835 1173 897 bom

111 916 221 990 realis,
243 937 322 995 quae,
345 924 381 972 ut
397 923 500 992 postea
514 914 679 996 probatum
705 916 775 990 luit,
798 938 870 975 vera
894 929 925 976 et
953 919 1079 997 propria
1096 917 1159 976 bu·

112 994 160 1072 jus
189 997 303 1075 generis
332 999 432 1075 patria
465 997 613 1055 censenda
640 1010 705 1071 est,
734 1019 751 1055 a
774 1000 929 1058 Botanicis
958 999 1021 1057 lere
1049 994 1158 1058 in'tacti

112 1087 335 1137 remanserunt.
378 1080 453 1153 Quae
468 1079 607 1158 exempla
623 1079 738 1155 Pansa,
752 1081 888 1157 Numan,
910 1077 1038 1162 aliique
1049 1080 1160 1142 exinde

113 1162 436 1238 communicaverant,
475 1180 535 1217 non
569 1163 623 1219 nisi
664 1164 766 1235 messis
795 1162 909 1221 futurae
934 1160 1160 1242 praelibationes

106 1235 314 1299 existimanda
346 1250 428 1299 sunt.
473 1240 652 1301 Donoussro
676 1244 757 1301 enim
792 1252 950 1302 servatum
983 1243 1041 1300 luit
1064 1245 1159 1299 innu'·
1188 1254 1191 1259 ’

109 1341 214 1381 meras
235 1323 323 1393 illas,
347 1321 463 1399 quibus
478 1342 566 1397 mox,
589 1333 698 1404 utpote
720 1327 806 1382 novis
826 1323 1011 1402 quibusdam
1032 1323 1161 1399 deliciis,

112 1404 344 1483 resplenderent
368 1403 450 1462 horti
477 1403 671 1480 Anglorum,
694 1407 810 1480 species
828 1406 867 1461 ad
891 1405 943 1460 illa
965 1401 1160 1471 horticultu-

110 1503 152 1542 1¹ae
172 1485 330 1543 hodiernae
358 1482 548 1555 incunabula
578 1484 794 1542 transmittere.
840 1485 907 1561 lpse
938 1484 1095 1557 Dorionis,
1120 1492 1158 1542 ut

111 1573 144 1622 et
163 1566 315 1639 brunner,
337 1564 469 1622 Hooxna
492 1575 521 1622 et
542 1559 686 1623 Burrum
713 1585 748 1622 ex
772 1567 830 1624 isto
853 1566 937 1623 sonte
967 1563 1059 1643 plena
1089 1583 1159 1621 rna-

112 1665 155 1705 nu
168 1646 379 1704 hauseruntet
392 1644 467 1703 dum
481 1645 620 1705 Botauiei
638 1665 729 1726 opere
739 1647 985 1704 Decandolleano
1001 1647 1160 1703 scientiam

109 1728 143 1787 in
159 1729 218 1787 bac
226 1748 259 1785 re
271 1727 502 1806 quodammodo
511 1727 684 1785 absolutam
697 1728 895 1801 crediderint,
906 1729 994 1785 novis
1008 1735 1039 1784 et
1050 1727 1161 1804 ignotis

111 1810 285 1891 specierum
304 1809 412 1867 formis
434 1809 617 1886 inopinatim
642 1807 823 1867 inundatum
845 1818 1003 1889 stupentes
1027 1827 1159 1887 conspe·

110 1897 234 1949 xerunt.
278 1889 309 1946 si
338 1899 545 1968 augmentum
577 1890 636 1949 boc
659 1889 752 1949 modo
777 1888 850 1948 hnic
873 1891 975 1968 generi
999 1906 1156 1946 accessum

109 1973 287 2036 accuratius
309 1991 528 2044 numeramus,
551 1972 694 2031 videmus
717 1969 755 2027 ad
778 1968 819 2028 36
839 1982 928 2031 antea
959 1981 1061 2045 notas,
1095 1990 1156 2027 uon

112 2055 217 2112 minus
234 2073 328 2130 quam
342 2053 382 2110 22
394 2055 508 2131 species
521 2054 600 2110 intra
611 2056 745 2133 spatium
759 2073 912 2111 annorum
932 2051 1159 2111 recentissimo-

108 2154 182 2193 rnm
204 2134 326 2192 additas
348 2133 449 2192 suisse.
494 2133 562 2191 Huc
575 2135 726 2194 accedunt
741 2130 761 2192 4
776 2134 815 2192 ab
835 2135 904 2193 aliis
928 2144 959 2192 et
980 2131 1018 2189 17
1037 2127 1160 2188 anobis
1196 2200 1201 2212 ·

109 2217 249 2296 primum
275 2216 455 2295 descriptae,
476 2216 520 2274 ita
540 2224 593 2292 ut,
620 2216 732 2275 demtis
754 2215 875 2289 dubiis,
897 2215 948 2275 hic
970 2210 1012 2273 76
1039 2213 1158 2290 species

110 2297 218 2378 sistere
236 2296 381 2356 valemus.

196 2446 253 2506 Est
275 2458 378 2506 autem
410 2469 445 2506 ca
469 2448 602 2505 scientiae
625 2457 735 2504 nostrae
762 2447 859 2516 ratio,
890 2454 925 2502 nt
955 2444 1073 2523 species
1095 2445 1159 2500 sin-

110 2530 242 2606 gulatim
268 2531 429 2609 descriptae
451 2531 561 2606 aegrius
590 2525 821 2591 characteribus
852 2524 1157 2583 circumscribantur

109 2620 141 2669 et
161 2632 226 2691 quo
256 2612 360 2694 plures
382 2631 467 2686 nova
492 2611 623 2685 cognitis
651 2609 858 2685 adjiciantur,
883 2628 918 2664 co
954 2608 1054 2663 minus
1076 2605 1156 2664 cha-

110 2703 263 2766 racteres,
288 2702 378 2751 antea
402 2691 515 2765 validi,
536 2690 583 2748 his
605 2689 779 2761 sufficiant3
809 2689 889 2747 uude
912 2689 1003 2744 etiam
1038 2690 1157 2744 sactum

110 2781 166 2844 est,
181 2781 218 2828 ut
233 2781 334 2828 totum
350 2792 444 2846 genus
464 2793 545 2828 novo
557 2779 726 2846 augmento
748 2768 1004 2847 quoddammodo
1028 2766 1160 2823 vacilla-

111 2860 178 2927 ret,
208 2863 303 2927 atque
330 2854 446 2928 species
474 2853 539 2926 ejus
566 2869 689 2920 omncs,
725 2869 806 2926 vagae
830 2858 861 2904 et
894 2845 1157 2922 male‘defioitae,

112 2952 190 2989 nova
213 2930 348 3008 quadam
372 2932 545 2988 recensione
580 2931 790 3008 maximopere
811 2937 948 3009 egerent.

193 3091 372 3151 Periculum
395 3093 544 3171 ejusmodi
573 3080 706 3152 conatus
728 3093 917 3172 suscipiens,
948 3109 1059 3170 parum
1083 3091 1159 3168 qui-

110 3173 181 3233 dem
202 3172 398 3254 profecissem
426 3177 534 3241 (modo
564 3172 715 3254 prolecil)
748 3176 803 3231 nisi
829 3174 991 3230 Bolanices
1022 3173 1051 3226 in
1074 3171 1158 3229 alma

110 3252 323 3315 Universitate
339 3254 523 3313 Londinensi
539 3257 698 3314 Professor
720 3254 956 3335 inclytissimus‚
979 3248 1046 3308 Jon.
1062 3249 1159 3309 Lusu-

93 3342 187 3413 ut,
221 3339 297 3394 mira
335 3347 365 3395 et
394 3358 463 3413 quae
496 3347 617 3396 tanturn
658 3351 704 3402 est
733 3336 827 3415 Angli
858 3333 1064 3406 liberalitate,
1105 3339 1157 3390 to-

111 3433 174 3480 tam
200 3439 306 3492 suam,
335 3439 429 3496 quam
453 3420 647 3500 Lupinoruin
672 3419 805 3502 possidet
830 3416 1041 3477 collectionem
1065 3415 1158 3473 ditis·

109 3505 217 3562 simam
249 3504 278 3557 in
304 3522 394 3560 nsum
422 3520 523 3559 rneum
549 3507 774 3562 transmisisset.
816 3499 863 3558 Ut
894 3500 1077 3556 secretarius
1105 3517 1157 3554 so·

110 3586 229 3644 cietatis
263 3583 490 3641 illusstrissimae
518 3581 793 3660 *Horticultural
821 3581 946 3663 society
985 3579 1091 3652 dictae,
1124 3589 1156 3636 et

110 3686 217 3726 omnes
253 3684 327 3740 quas
357 3665 519 3741 collegerat
550 3666 704 3742 Donglas‚
728 3674 760 3722 et
779 3685 847 3736 eas,
877 3683 947 3742 quae
969 3659 1009 3717 ab
1031 3660 1099 3715 aliis
1122 3660 1155 3716 in

109 3750 223 3810 Hortos
243 3745 359 3822 Angliae
383 3745 568 3804 introductae
591 3748 739 3821 luerunt,
770 3747 884 3826 specics
916 3747 946 3803 in
968 3740 1156 3819 possessione
