2588 4214
200 127 264 191 ΧΠ

157 293 285 375 Species
306 309 416 373 nempe
442 310 571 367 annue,
594 293 624 350 in
648 292 764 370 quibus
783 303 863 373 testa
879 297 1031 355 seminum
1064 301 1209 369 tenuior,

96 431 99 435 ,
156 395 288 457 qnoeque
313 373 450 431 breviori
467 375 626 452 'temporis
649 379 748 451 spatio
770 379 963 457 geppinant',
996 379 1088 439 modo
1120 380 1211 443 brevi

153 468 224 518 ante
247 468 371 535 tempus
392 455 623 532 germinationis
644 460 759 516 semina
777 452 976 533 diffundunt}
998 473 1112 540 species
1130 483 1208 521 vero

154 559 319 623 perennes,
349 546 385 594 ut
415 545 538 594 matura
568 548 659 610 sunt,
682 557 716 596 ea
749 543 853 599 statim
876 542 1067 621 dispergunt.
1110 545 1205 607 letam

111 695 117 705 „
154 621 334 684 dehiscendi
359 618 590 690 diversitatem,
624 620 678 679 alii
710 643 836 701 qnoque
868 624 1039 681 discrimini
1066 626 1206 707 junctam

11 766 22 777 κ
96 711 99 715 ’
153 724 309 778 esse‚uon
324 711 443 760 temere
466 701 614 778 suspicor.
652 704 810 763 lirarriruis
826 726 936 784 nempe
949 705 1110 782 speciebus
1122 707 1205 764 isth-

152 790 197 847 mi
227 781 443 844 transversales
474 782 620 857 usquead
642 788 856 846 maturitatem
882 788 1036 846 seminum
1062 782 1210 860 manent}

151 873 183 930 in
229 865 392 926 erennibus
414 871 514 919 autem
544 883 614 922 rrrox
636 865 846 941 obsolescunt,
878 870 1014 939 underin
1041 870 1077 927 iis
1108 860 1204 933 val‘vae

153 891 272 1013 facilius
298 945 463 1005 dissiliunt·
507 944 631 1025 Species
658 968 748 1020 vern,
780 969 849 1024 quae
870 936 1015 1009 ultima'm
1037 953 1204 1010 sectionem

151 1047 328 1090 annuarum
352 1029 567 1100 constituunt,
598 1030 629 1082 in
663 1026 723 1109 hoe
746 1027 931 1106 perennibus
955 1032 1053 1107 magis
1075 1026 1203 1111 apr-oxi.¹

151 1119 286 1172 tuantur.

554 1246 806 1316 Germinntim

235 1370 451 1452 Cognitionem
493 1370 721 1446 germinationis
756 1374 785 1430 in
825 1374 1039 1448 Leguminosis
1072 1377 1203 1437 inanimi

151 1455 397 1523 essemomenti
430 1459 538 1508 notum
559 1461 615 1508 est.
662 1453 881 1527 Decennonnn,
912 1455 966 1530 qui
989 1456 1072 1514 illam
1097 1467 1203 1518 tauto-

148 1563 221 1628 ΡΜ
244 1535 434 1608 illustravit,
462 1531 500 1587 de
523 1534 747 1608 germinatione
762 1536 875 1615 Lupini
893 1548 1021 1614 quoque
1045 1541 1124 1616 egit,
1146 1543 1202 1602 scd

147 1629 250 1687 forsan
276 1615 386 1675 habitu
411 1623 539 1674 externo
563 1615 693 1674 nimium
722 1617 901 1690 lr·etus‚,in
933 1625 1120 1679 structuram
1148 1626 1200 1682 in·
1223 1654 1229 1666 =

149 1708 293 1767 seriorem
323 1697 539 1778 cotyledonum
572 1695 733 1776 inquirere
754 1720 813 1756 non
834 1712 913 1776 opus
936 1699 1084 1774 iudicasse
1110 1705 1217 1762 videa

145 1802 209 1850 sur,
259 1785 344 1841 Adeo
376 1781 457 1839 enim
498 1786 542 1833 est
577 1782 740 1859 perspicua
772 1780 989 1858 cotylednuunr
1024 1792 1197 1862 structura,

149 1882 187 1930 ut
214 1871 237 1927 si
262 1866 309 1924 vel
335 1862 501 1935 minimum
540 1864 744 1940 microscopio
776 1882 843 1918 earn
878 1860 1086 1936 observasset,
1118 1887 1197 1924 cou-

146 1953 273 2012 trariam
296 1946 387 2027 plane
408 1943 446 2001 de
459 1941 610 2002 affinitate
631 1945 826 2024 Lupinorrnn
852 1943 1001 2021 linrrsisset
1021 1948 1193 2019 notionem.

225 2083 492 2146 Germinntionem
518 2078 548 2135 in
575 2077 609 2135 L.
634 2077 734 2151 luteo,
763 2079 853 2154 albo,
884 2072 1103 2155 angustieris,
1133 2087 1194 2154 1043

144 2167 297 2238 crantho,
329 2163 460 2221 rivulari
488 2168 519 2216 et
542 2161 670 2239 perenni
705 2160 945 2219 observavinurs.
989 2161 1191 2239 Differentia,

145 2258 207 2333 iam
235 2253 264 2307 in
289 2242 458 2306 seminibus
484 2244 563 2299 inter
596 2241 711 2320 speeies
740 2263 856 2300 anntrns
879 2252 909 2299 et
931 2262 1077 2320 perennes
1108 2265 1193 2322 qno.

125 2331 313 2404 nammodo
333 2343 509 2404 conspicua,
530 2320 634 2380 adhuc
655 2325 755 2401 tnagis
773 2325 802 2383 in
816 2321 1189 2401 germinantibus‘elucet

14 2474 17 2487 ‚
80 2422 83 2427 ’
140 2420 177 2477 L.
201 2409 411 2479 nricrantbus,
436 2407 490 2483 qui
514 2404 635 2461 inullis
658 2424 785 2482 quoque
814 2407 979 2461 transitum
1004 2403 1042 2461 ad
1075 2426 1192 2485 peren-

141 2520 194 2560 nes
227 2496 360 2553 l'ormare
386 2487 531 2560 videtu-r,
558 2484 662 2565 quoad
685 2486 940 2562 germinationem
977 2484 1024 2542 his
1055 2478 1213 2557 maxime

142 2578 298 2646 convenit.

228 2720 515 2810 Spermodermium
552 2717 748 2797 cotyledones
777 2716 995 2799 'plerumque'
1012 2717 1130 2777 diutius
1157 2723 1188 2783 iu

142 2813 254 2875 annuis
277 2804 427 2877 includit,
449 2811 575 2872 etcum
600 2803 636 2858 iis
656 2820 748 2877 supra
764 2809 878 2856 terrani
898 2797 1057 2872 elevatur,
1079 2801 1108 2854 in
1131 2821 1190 2879 pe.

137 2891 287 2960 rennibus
311 2889 369 2966 jam
396 2884 453 2943 sub
477 2891 558 2939 terra
579 2883 689 2959 sepius
710 2878 897 2936 detrahitur.
1129 2904 1133 2909 ·

80 3063 87 3071 ·
145 3046 151 3112 ζ
218 3037 398 3101 Canticulus
420 3035 452 3090 in
465 3027 708 3107 L.angustilolio
723 3027 812 3087 valde
827 3027 984 3108 elongatus
1000 3038 1044 3086 est
1058 3028 1201 3109 (2·pol-'

137 3128 250 3198 licaris)
281 3132 312 3181 et
354 3114 523 3195 aliquando
568 3111 652 3170 tenni
697 3109 897 3189 pubescentia
935 3108 1119 3184 obductus,
1153 3115 1185 3173 in

54 3246 57 3252 ·
136 3210 243 3287 ceteris
266 3201 394 3262 brevior
416 3198 539 3254 circiter
553 3195 696 3274 pollicem
714 3193 843 3270 longus,
865 3202 895 3248 et
917 3195 1044 3250 omnino
1065 3192 1199 3269 glaber„

219 3350 423 3452 cotyledonis
456 3358 648 3439 Lupiunrum
679 3356 761 3415 inter
795 3368 936 3415 carnosas
965 3363 998 3413 et
1032 3355 1181 3421 foliacees

279 3451 382 3510 edium
399 3456 501 3503 tenere
526 3441 676 3498 videntur.
712 3437 758 3497 Ut
781 3439 940 3519 illae‚saepe
961 3436 1076 3494 diutius
1094 3458 1184 3518 sper-

133 3539 306 3605 moderruio
338 3516 491 3606 eoguntur
512 3533 543 3582 et
566 3523 724 3601 precipue
744 3523 774 3579 in
805 3519 913 3577 annuis
941 3517 1102 3597 speciebus
1121 3522 1185 3581 ad-·

134 3623 264 3685 modum
294 3631 398 3673 crassas
429 3615 518 3680 sunt,
546 3598 583 3660 ut
615 3601 680 3674 lrae,
703 3622 825 3684 semper
856 3602 979 3660 virides.
1024 3601 1056 3658 Si
1078 3612 1184 3666 autem

132 3703 317 3769 accuratius·
335 3691 569 3759 erarninantur‚
592 3685 642 3743 vix
679 3682 742 3744 ulla
767 3687 804 3743 de
836 3702 907 3741 vera
938 3704 1044 3740 earum
1069 3694 1184 3745 natura

129 3784 293 3845 contentio
314 3771 446 3835 oriunda
468 3779 522 3829 est.
565 3765 713 3823 stomata·
727 3784 888 3825 numerosa
911 3765 1073 3822 rotundatu
1096 3785 1182 3824 sem-

99 3881 189 3937 per,
217 3865 317 3919 etiam
340 3857 375 3915 in
397 3853 537 3914 maxime
558 3848 682 3922 crassis,
700 3847 820 3908 adsunt.
863 3845 1068 3928 Cotyledones
1090 3843 1182 3912 haud

133 3459 222 3544 quasi
246 3478 275 3514 m
