2588 4214
1094 93 1160 191 'rx'

228 292 315 351 Inter
327 298 439 372 organa
464 297 665 374 vegetationis
676 286 874 375 Lupinorum
893 294 965 354 folia
988 281 1184 375 multi-digit

104 396 107 403 ’
137 383 219 449 tata,
253 385 288 431 ut
311 377 348 447 iis
384 377 448 434 sere
473 377 543 434 solis
566 398 582 435 e
605 375 830 456 Papilionaceis
855 379 1002 456 propria,
1027 376 1182 454 a'forml's

100 518 104 525 ,
137 454 317 534 vulgaribus
332 458 485 537 praecipue
510 457 666 529 aberrant.
714 457 829 516 F‘orma
853 469 956 516 autem
979 465 1035 530 ista
1058 458 1182 516 insolita
1215 492 1217 497 .

136 538 305 607 foliorum,
323 548 611 617 quantumcumque.
634 542 735 619 primo
757 532 883 618 aspectu
903 542 1057 612 emineat,
1079 542 1181 616 lamen

131 639 151 674 a
179 620 297 694 vulgari
323 616 451 690 fot-mag*
466 621 528 678 sola
553 613 765 678 contractione
796 622 969 699 ingementi
985 620 1113 682 oriunda
1132 620 1182 677 vi-

133 700 234 756 detur.
280 700 356 759 Earn
380 721 443 759 esse
465 698 616 760 rationem
632 702 703 759 folia
718 703 931 780 primordialia
950 713 1082 782 'quoque
1096 699 1181 760 barad

130 781 264 839 obscure
290 784 417 839 suadere
442 785 607 854 videntur3
640 783 740 840 haecce
762 784 985 860 cnim¹semper
1008 805 1062 864 per
1093 783 1181 862 paiia

130 864 311 940 cornplreata
335 871 426 934 sunt,
452 865 554 921 medio
576 865 737 950 terminali(
750 882 787 919 ac
810 865 943 940 impari,
964 876 997 923 et
1015 869 1045 923 in
1068 884 1103 922 co
1118 865 1179 919 itu-

132 964 195 1021 que
219 954 341 1001 tuntum
363 965 382 1000 a
406 943 586 1020 vulgaribus
607 946 749 1018 diversa,
779 947 863 1022 quod
891 947 1117 1023 jugement-um,
1147 945 1179 1019 ili

131 1023 180 1081 his
205 1023 400 1101 elongatum,
424 1027 454 1082 in
480 1025 541 1090 illis
562 1027 601 1084 ad
626 1027 966 1105 punctumreduetum
992 1029 1059 1086 luit.
1092 1025 1207 1095 Foliaq

130 1105 301 1183 simplicia,
325 1128 393 1185 quae
415 1110 445 1166 iu
472 1107 627 1166 nonnullis
649 1107 808 1186 speciebus
832 1118 1018 1181 occurram,
1048 1111 1071 1165 si
1095 1122 1178 1185 qtru-
1265 1147 1268 1153 ·

93 1237 96 1241 ,
129 1186 300 1246 dammodo
328 1210 346 1245 a
374 1191 513 1265 digitatis
542 1189 677 1246 derivari
718 1187 859 1260 debent,
882 1209 918 1246 eo
950 1192 1042 1251 inodo
1084 1189 1181 1246 exsti·

126 1270 198 1326 tisse
232 1269 398 1344 videntur,
429 1272 514 1349 quod
539 1269 764 1327 abortientibu's
792 1269 992 1349 lateralibus,
1013 1268 1177 1331 terminale

85 1353 91 1363 “
129 1360 252 1407 tautum
288 1354 436 1411 restiterit
464 1363 495 1409 et
515 1353 696 1410 accreverit.
740 1352 933 1428 Argumenta
956 1366 1059 1412 nostra
1087 1353 1177 1428 hujus

130 1434 289 1490 sententiae
319 1435 348 1491 in
368 1448 419 1492 *eo
442 1435 587 1494 nituntur
612 1435 660 1489 120
687 1434 771 1511 quod
797 1431 938 1490 foliolum
964 1437 1098 1493 medium
1121 1451 1176 1490 seu
1245 1465 1249 1473 ·

126 1514 291 1570 terminale
318 1517 348 1572 in
372 1517 444 1583 aliis¹
460 1515 592 1595 Lupinis
611 1532 731 1594 semper
750 1502 930 1572 lateralibus
949 1519 1045 1593 majus
1069 1520 1132 1591 est,⁴
1144 1521 1174 1571 et

126 1593 229 1650 foliola
260 1594 399 1666 lateralia·
425 1616 555 1654 numero
578 1597 715 1669 variant,
744 1594 858 1654 nedum
885 1596 914 1652 in
936 1596 1043 1655 eadem
1075 1595 1176 1677 specie
1234 1592 1240 1603 “
1267 1664 1270 1675 Ι

125 1674 184 1730 sibi
208 1693 328 1755 semper
353 1679 533 1735 constantia.
576 1679 628 1743 ‘lto
649 1676 734 1753 quud
757 1697 828 1733 cum
845 1692 924 1734 nova
941 1678 1045 1735 loliola
1062 1680 1174 1736 oriun-

126 1756 302 1834 tur,'quod
324 1780 382 1815 tion
404 1756 475 1818 raro
498 1759 632 1832 accidit,
663 1776 833 1836 numquam
854 1757 891 1813 lit
915 1758 1064 1817 divisione
1093 1777 1174 1837 qua·

123 1841 194 1898 daun
220 1839 279 1915 jam
312 1842 529 1913 existentium,
554 1842 605 1898 sed
630 1860 708 1897 nova
730 1858 852 1917 semper
872 1848 957 1896 extra
983 1858 1018 1896 ea
1042 1839 1174 1920 propul-

127 1920 237 1998 lulant.
269 1917 321 1976 320
343 1921 428 1997 quod
461 1926 490 1979 in
518 1922 598 1980 foliis
620 1918 877 2002 primordialibus
904 1918 1173 1981 foliola-lateralia

125 2022 187 2060 non
212 2019 300 2071 raro,
326 1996 356 2058 et
379 2004 409 2058 in
432 2002 619 2081 quibusdam
644 1999 804 2080 speciebus
838 2001 1020 2060 normaliter
1050 2003 1172 2060 aborti·
1257 2031 1262 2040 ·

122 2091 229 2140 untur.
250 2077 301 2140 430
311 2082 395 2161 quod
412 2107 496 2142 venae
511 2084 573 2142 lolii
585 2083 732 2162 simplicis
744 2082 870 2138 minime
883 2082 1090 2156 digitatae,se“d
1101 2102 1172 2141 om·
1242 2082 1248 2095 ¹

126 2165 199 2223 nino
214 2174 247 2219 ut
268 2165 296 2221 iu
311 2162 594 2247 l'oliulisdispositoe.
615 2164 664 2224 520
683 2164 766 2243 quod
777 2163 911 2241 denique
924 2163 1060 2244 analogia
1075 2183 1170 2243 gene-

121 2266 191 2304 rum
212 2243 352 2302 affinium
368 2247 447 2306 lianc
462 2246 643 2306 sententiam
665 2246 861 2323 potissimum
883 2243 1015 2325 probare
1037 2248 1172 2305 videtur.
1224 2319 1231 2328 ·

121 2328 227 2402 Neque
239 2333 342 2392 tamen
365 2338 501 2398 taceam,
519 2330 603 2403 quod
615 2325 718 2384 foliola
740 2344 861 2401 semper
884 2347 955 2383 cum
979 2329 1172 2407 petioloma·

111 2408 229 2467 'nileste
252 2408 414 2482 articulata
441 2417 529 2479 sunt;
557 2419 641 2467 costa
671 2414 776 2463 autem
800 2406 948 2464 loliorum
979 2409 1170 2489 simplicium

119 2491 150 2563 in
182 2489 331 2566 petiolum
369 2493 465 2565 magis
496 2491 676 2549 immediate
715 2491 875 2564 (quiantum
904 2507 921 2544 e
949 2486 1170 2568 speciminibus

120 2572 209 2629 siccis
243 2570 379 2645 prilicare
409 2573 516 2655 liceat)
556 2571 769 2630 continuatur.
823 2567 882 2625 Sed
913 2567 978 2626 lraec
1008 2573 1104 2628 etiarn
1136 2570 1168 2625 in

117 2651 201 2724 alias,
223 2652 275 2718 ubi
290 2652 431 2710 foliolum
455 2653 618 2712 terminale
641 2661 761 2708 tautum
784 2658 896 2722 restat,
927 2652 1058 2725 quadrat
1080 2650 1168 2706 ratio.

200 2812 324 2873 Foliola
348 2813 476 2892 quidem
509 2814 663 2874 interdum
687 2812 726 2871 ad
766 2816 948 2876 divisionem
984 2813 1166 2872 ulteriorem
1207 2830 1214 2838 ¹

115 2918 213 2982 prona
235 2916 298 2954 esse
326 2896 481 2955 videntur.
525 2897 577 2954 Sic
601 2899 628 2954 in
662 2896 695 2956 L.
728 2898 925 2957 Nootlatensi
961 2895 1063 2956 loliola
1095 2893 1168 2972 pin·

114 2977 311 3041 nato-lobata
343 2978 457 3059 pluries
485 2978 659 3037 observavi.
710 2977 770 3039 Sed
803 2980 867 3040 baec
893 3000 967 3039 rara
1001 2988 1031 3057 et
1060 2992 1165 3034 mons·
1229 2994 1236 3005 ·

112 3073 194 3119 trosa
216 3069 337 3115 tanturn
358 3059 524 3116 aberratio.

112 3214 118 3223 ‘
197 3193 309 3269 Quoad
332 3192 465 3251 sormam
492 3194 601 3263 foliola
645 3195 675 3252 in
697 3195 826 3256 diversis
849 3194 1008 3275 speciebus
1031 3216 1090 3253 non
1105 3195 1163 3253 ad·
1213 3246 1215 3251 .

75 3285 80 3293 '
115 3277 241 3339 modum
267 3276 406 3347 variant;
434 3277 539 3335 omnia
563 3286 665 3336 tamen
691 3279 790 3335 stadia
813 3279 890 3337 iuter
915 3279 1176 3355 angustissimam·

114 3362 262 3422 linearem
294 3356 333 3415 ad
371 3357 538 3416 ohovatam
569 3361 808 3437 percurrentia,
847 3378 967 3436 semper
987 3368 1162 3417 ‘cuneatum

114 3442 220 3512 basin,
241 3458 309 3517 qua
324 3440 389 3518 ipsa
401 3439 568 3498 insertione
582 3441 708 3498 centrali
727 3441 893 3498 necessaria
915 3449 979 3512 est,
1002 3440 1164 3512 servantia,

116 3540 287 3599 numquam
311 3519 414 3578 t'amen
436 3541 542 3594 revera
567 3522 597 3577 in
622 3522 774 3594 formam,
796 3540 890 3600 quam
918 3522 954 3577 iis
978 3522 1091 3598 injuste
1115 3521 1166 3576 in-

89 3603 238 3670 *tardum
254 3600 398 3658 tribuunt
419 3611 582 3677 auctores,
606 3602 819 3682 spathulutam
852 3601 1006 3660 abeuntia.
1047 3634 1050 3639 ·
1138 3664 1140 3671 ‚

191 3761 534 3843 Stipulae¹.bracteaeque
547 3762 651 3842 quoad
671 3763 803 3822 sormam
828 3774 887 3822 etc.
909 3765 937 3821 in
953 3765 1164 3846 diversisspe-
1251 3802 1252 3807 κ

117 3845 223 3907 ciebus
245 3846 376 3905 variant.
418 3847 555 3906 Bracteae
573 3847 637 3905 lere
652 3866 783 3928 semper·
796 3846 940 3922 aduae,
955 3847 1085 3925 stipate
1099 3864 1180 3901 mo
