2588 4214
224 81 267 144 20
345 81 352 92 .

182 245 294 325 Coroilq
310 246 418 312 ‘calyos
445 246 595 314 subtriplo·
615 247 733 313 longior,
764 249 957 307 coerulosceus,
989 249 1181 314 magnitudine
1201 250 1233 308 L.

183 329 344 448 Pereffdbm
371 381 509 449 particula
540 341 591 433 ista
623 382 714 449 operis
741 380 825 432 Britt.
860 381 942 433 Flow.
971 379 1059 432 Garsi.
1098 346 1144 432 ubi
1180 385 1236 435 baec

183 448 289 514 specics
308 449 444 517 descripta
465 457 514 509 est,
535 451 604 501 mihi
626 451 729 510 defuit,
762 467 811 516 pro
837 457 911 500 certo
942 450 1076 500 affirmare
1099 469 1153 501 non
1172 469 1234 517 pos·

183 530 244 566 sum
263 523 384 568 nostram
401 519 503 584 piantes
524 517 685 572 Suectisnae
709 518 861 568 identicam
882 535 951 579 esse3
976 518 1126 584 descriptio
1151 537 1233 587 supra

183 584 248 700 gata
268 601 292 702 et
304 585 456 702 speqimiue
474 587 505 637 in
527 589 607 640 horto
622 588 702 639 Hort.
721 584 833 651 society
847 587 923 637 culto
940 592 968 636 ct
979 603 994 636 a
1007 584 1130 654 Lindie-y
1143 588 1233 649 misso,

205 667 277 702 esum
293 671 307 703 a
329 671 377 704 es.

185 743 237 807 32.
260 744 304 807 L.
327 745 535 810 Mexicamss
560 746 652 809 Cerv.
676 751 775 808 cauie-
789 748 1157 826 herbaceopubescente,
1185 752 1236 809 fo·

266 832 345 891 tiotis
365 829 447 888 5-7
471 831 738 908 lineari-obiongis
773 853 864 911 supra
887 828 1002 909 glabris
1024 832 1141 911 peticio
1166 833 1236 891 ion-

186 948 188 953 ·
265 911 413 991 gioribus,
439 913 562 991 stipulis
584 910 777 991 bracteisque
803 915 939 986 setaeeis,
965 908 1095 968 floribus
1116 915 1237 992 irregu-

266 993 372 1051 lariter
410 994 617 1069 verticiilatis3
652 995 765 1074 caiyeis
789 994 971 1053 bracteoiati
1001 990 1082 1050 labio
1114 997 1237 1074 superi·

269 1094 323 1133 ore
346 1073 528 1133 semibifido.

183 1185 213 1235 L.
234 1175 387 1234 Mentesani
410 1183 479 1232 Cora.
501 1182 529 1231 s'n
547 1142 654 1248 logum,
670 1198 728 1247 gen.
747 1193 771 1232 et
788 1200 824 1250 sp.
851 1183 930 1250 palent.
960 1196 1013 1230 nor.
1039 1195 1084 1229 mo.
1099 1185 1159 1234 288.
1181 1181 1234 1233 Bne.

223 1251 287 1319 lieg.
309 1260 327 1302 t.
346 1251 407 1304 457.
428 1251 488 1300 Dec.
503 1248 595 1300 Prode.
615 1249 642 1300 11
655 1267 682 1317 p.
701 1251 754 1303 408
775 1251 828 1318 Spr.
847 1252 909 1319 Syst.
932 1249 973 1299 111
988 1267 1014 1317 p.
1034 1252 1094 1300 228.

265 1345 340 1406 Has.
361 1347 391 1406 in
404 1368 483 1406 nova
505 1346 650 1424 Hispania
668 1349 730 1418 (see
742 1348 873 1424 Lagaseu
888 1350 919 1416 );
943 1343 1019 1401 milri
1033 1353 1154 1402 tanturn
1165 1366 1237 1423 spe-

185 1428 297 1487 uimine
320 1430 433 1507 plantae
456 1429 531 1484 oiim
558 1431 586 1483 iu
611 1429 645 1483 Η.
677 1425 767 1482 Hafn.
791 1425 903 1495 calta,
933 1425 964 1478 in
997 1422 1090 1481 Her-b.
1117 1425 1237 1484 Horae·

184 1512 288 1567 nsanni
314 1517 479 1580 asservato,
502 1508 650 1582 cognitus,

191 1660 194 1666 ,
253 1613 362 1668 Foliola
381 1614 417 1665 ad
434 1612 554 1668 medium
580 1613 849 1674 euocato-dilatata,
868 1613 933 1665 iudo
953 1613 1139 1673 subiiuearia,
1160 1615 1237 1682 apice

184 1682 344 1743 rotundato,
363 1686 459 1735 subtus
477 1683 601 1749 adpresse
619 1682 716 1748 pilosa,
736 1699 816 1748 supra
836 1683 940 1745 glabra.
979 1679 1096 1748 Stiputoe
1108 1683 1143 1732 ad
1156 1700 1235 1734 uuam

186 1752 297 1803 tertiam
322 1753 444 1810 adnata,
467 1757 585 1807 setaceae.
629 1749 774 1800 Versicitti
803 1750 901 1798 florum
925 1749 1041 1797 maxime
1061 1751 1235 1814 irregulares.

184 1815 304 1869 Bracteoe
322 1818 644 1871 caducissimessetaeea.
680 1815 829 1868 Bracteolas
843 1815 969 1865 minime.
998 1813 1111 1881 Calycis
1129 1817 1234 1867 labium

185 1884 309 1951 superius
328 1885 652 1943 semibitidum‚inferius
672 1885 874 1950 subintegrunr,
896 1883 1007 1934 Corolia
1024 1886 1157 1936 coerutea.
1178 1883 1238 1935 Ate

185 1954 243 2024 ¹sere
266 1953 560 2016 latitudinerexilti,
580 1953 754 2021 longitudine
771 1971 831 2003 eum
852 1959 1022 2020 superantes,

188 2049 241 2108 33.
264 2047 307 2109 L.
330 2048 448 2132 affinia
466 2048 538 2108 nob.
564 2050 653 2106 aurite
677 2047 829 2106 herbaceo
854 2059 998 2125 patenter
1013 2047 1117 2126 piloso,
1144 2047 1238 2105 foi-io-

272 2130 336 2190 tis7
347 2131 489 2188 obovatis
500 2129 627 2206 basique
651 2130 818 2186 attenuatis
844 2132 990 2206 utrinque
1000 2127 1240 2205 pubescentibus

267 2211 416 2290 petiolum
435 2232 495 2269 non
520 2209 724 2287 equentibus,
746 2207 1122 2288 stipssiissetaceisfoiioio
1142 2209 1239 2288 dupio

239 2309 242 2318 ⁴
266 2291 471 2367 brevioribus,
496 2291 629 2351 bracteis
652 2295 682 2349 in
697 2289 852 2348 alabastro
877 2292 1015 2369 calycern
1033 2290 1238 2368 respirantibus,

268 2372 427 2451 cnlyeibus
465 2371 658 2432 verticiliatis
677 2370 911 2429 'bracteoiatist
954 2371 1035 2429 lubio
1079 2375 1236 2452 superiore

267 2453 425 2532 profunde
449 2453 556 2524 birido,
579 2455 682 2510 'carina
705 2452 820 2508 ciiiata.

185 2537 245 2590 H.
263 2533 439 2588 Nosti-nemis
454 2549 508 2583 eur.
525 2536 549 2597 β.
564 2531 637 2582 Hook
656 2534 695 2583 Fr.
716 2531 775 2581 Bor.
797 2535 881 2581 Anser.
904 2531 942 2581 IV
960 2549 985 2599 p.
1007 2535 1068 2582 163.
1090 2530 1144 2582 Bot.
1165 2531 1239 2598 Mag.

218 2617 237 2657 i.
258 2608 336 2657 2136.

274 2700 349 2758 His.
371 2701 402 2757 in
427 2698 613 2772 Caiifornia,
636 2698 719 2756 unde
740 2696 909 2778 specimina
931 2718 948 2753 a
966 2691 1160 2774 Doaglasio
1184 2716 1237 2753 re-

208 2791 309 2841 ortata
333 2780 394 2838 vidi
422 2780 452 2836 in
480 2779 571 2836 Herb.
597 2780 749 2858 Lindieyi.
794 2778 856 2843 (Ad
873 2778 991 2834 Nootka
1017 2785 1048 2832 et
1071 2779 1101 2836 in
1127 2776 1236 2857 Roclsy

110 2890 115 2896 ·
186 2806 393 2935 biountains,”
413 2861 437 2916 si
460 2878 633 2938 synonyma
656 2861 749 2916 aiinta
777 2857 840 2915 buc
860 2854 1045 2934 pertinent).

256 2967 350 3019 Cauiis
376 2964 543 3016 decumbens
572 2964 683 3017 ridetur
712 2971 738 3016 et
774 2965 928 3016 herbaceus.
972 2965 1078 3017 Felicis
1107 2967 1238 3028 eborata,

188 3037 390 3089 mucronuiata,
405 3033 462 3083 basi
480 3033 560 3098 long-e
581 3039 733 3098 angustata,
766 3035 904 3099 utrimque
924 3033 1112 3100 pubescentia,
1132 3036 1235 3101 petioio

187 3107 254 3173 2plo
272 3104 408 3155 breviora.
445 3098 562 3168 Stipuiae
581 3100 639 3152 basi
671 3101 792 3162 adnata,
819 3101 918 3163 sotjoto
945 3103 1047 3153 minori
1067 3104 1151 3169 dupio
1175 3104 1235 3154 bre·

188 3176 288 3230 viores.
325 3171 456 3221 Racemus
487 3170 572 3219 lastis.
621 3168 718 3220 Flores
753 3169 929 3234 verticiiiati,
961 3171 1129 3238 pediciiloti.
1167 3171 1235 3223 Bra·

187 3248 254 3292 ctsss
272 3237 465 3297 caducissirnss,
479 3238 656 3286 lanceolatoe.
678 3236 789 3288 Corolia
808 3241 903 3306 catyco
920 3240 1006 3306 piloso
1017 3239 1103 3306 dupio
1116 3240 1232 3306 longior,

128 3331 134 3341 ·
191 3309 325 3366 caerulea,
346 3304 446 3358 resilii
467 3305 557 3354 medio
577 3306 735 3358 ssavicaute.

256 3374 393 3442 Equidem
414 3374 485 3422 banc
506 3375 622 3440 speciem
639 3390 713 3425 nunc
733 3391 794 3425 cum
823 3373 854 3425 L.
879 3373 1062 3427 Nootkatensi
1078 3387 1151 3423 nnuc
1168 3389 1231 3422 cum

186 3442 220 3499 L.
242 3443 356 3509 perenni
377 3441 458 3504 vulgo
476 3448 670 3507 commutatam
697 3460 750 3492 esse
776 3443 958 3504 crediderim,
978 3443 1050 3494 unde
1076 3443 1114 3492 bre
1130 3440 1232 3507 species

185 3512 258 3565 maie
276 3510 396 3561 definitae
416 3508 471 3558 sibi
491 3509 611 3561 invicem
637 3511 766 3577 proximas
795 3528 900 3578 semper
926 3512 1053 3578 judicetis
1071 3512 1155 3562 suere.
1194 3504 1233 3558 Ut

120 3621 124 3625 .
188 3597 236 3631 nos
269 3582 315 3629 eas
340 3578 568 3628 circumscribere
592 3579 684 3628 conati
708 3596 800 3630 sumus
826 3580 1048 3631 distinctissime.
1101 3575 1233 3629 Laffinis

187 3645 407 3699 a-‘Nootkatensi
435 3645 548 3696 differt:
576 3645 642 3711 pilis
671 3648 759 3699 multo
790 3649 976 3706 brevioribus,
989 3648 1234 3716 sparsionibusque,

187 3714 292 3766 foliolis
311 3715 439 3780 utrinque
460 3713 681 3781 pubescentibus,
701 3717 813 3784 stipulis
833 3718 920 3768 mutto
939 3716 1092 3769 minoribus
1111 3714 1233 3775 satereia,

178 3783 305 3833 bracteis
320 3782 500 3835 brevioribus
524 3781 787 3851 obtusioribusque‚.
811 3784 928 3839 floribus
956 3786 1040 3852 magis
1069 3783 1234 3850 regulariter
