2588 4214
131 82 264 192 sxtv

143 292 281 359 tionibus
303 298 334 353 iu
357 297 614 374 germinationem
636 299 830 379 Lupinorum
854 301 1004 361 institutis
1026 303 1157 379 ductus,
1180 324 1201 364 a

148 376 339 451 Genieter'a,
370 377 489 455 quibus
516 390 603 436 antea
636 384 744 460 saepius
776 383 1020 462 adpropinquati
1048 385 1181 445 fuissent
1192 424 1220 461 ,—

148 461 293 530 rcmovit,
314 470 344 515 et
368 460 406 516 ad
428 455 635 520 Pliaseoleczs
658 483 706 521 ros
731 452 914 521 traristulitf
947 466 1009 540 Qui
1034 479 1138 543 postea
1160 469 1203 528 de

145 539 355 600 affinitatibus
369 540 544 619 plantarum
570 545 758 622 scripserunt
779 556 933 617 auctores,
956 557 1091 625 systema
1114 549 1203 607 Can-

145 624 320 682 dolleaniuu
343 622 579 698 amplectentes,
600 625 708 683 eodem
733 626 810 710 loco,
827 646 889 683 eosx
905 629 1112 688 retinuerunt.
1158 686 1161 691 ,
1226 654 1233 672 ··

157 746 160 752 ·
230 732 347 788 interea
368 731 391 786 si
419 733 678 807 germinationem
700 733 904 805 consulimus,
929 736 978 791 cui
1015 737 1203 798 Daemone-

130 829 231 886 arus,
258 814 288 868 in
320 811 380 889 bac,
400 831 432 868 re
455 808 672 889 dijudicanda,
698 814 859 872 maximam
887 816 947 874 vim
973 819 1040 895 jure
1063 819 1202 899 tribuit,

145 897 283 974 Lupinos
304 894 484 969 neutiquam
508 895 546 950 ad
567 889 773 954 leseoleus
785 897 959 956 referendos
983 920 1045 959 esse
1068 901 1201 980 patebit.

146 974 342 1038 Plzoseoleoe
364 975 444 1030 enim
472 975 509 1031 ad
536 973 742 1036 Sorcololms
773 979 946 1056 pertinent,
975 998 1111 1055 quorum
1142 1006 1203 1060 ⁰9-

148 1058 311 1138 tyiedones
334 1075 468 1115 carnosae
488 1076 543 1134 per
570 1060 820 1135 ¹germinationem
850 1057 1204 1134 non'nmtantur·,st0.

150 1138 346 1216 malibusque
367 1134 523 1196 destitutae
544 1149 625 1196 sum.
669 1136 1132 1221 Cotyledones'Lupz'norum,
1156 1147 1203 1203 li-

145 1233 195 1279 cet
219 1223 250 1278 in
273 1217 428 1276 nonnullis
456 1219 619 1300 speciebus
641 1220 811 1279 admodum
837 1240 942 1280 crassae
963 1224 1044 1299 sint,
1067 1224 1202 1284 charac-

138 1297 224 1382 teres
253 1305 356 1358 tainen
388 1321 491 1366 omnes
524 1298 805 1384 Plp‘llolobor'um
838 1301 995 1362 exhibent.
1048 1305 1203 1365 Stomati-

145 1381 203 1444 bus
229 1403 350 1462 semper
372 1382 495 1442 ornatas
520 1395 549 1442 et
576 1387 647 1444 inde
672 1405 688 1440 a
712 1388 812 1464 prima
838 1387 964 1442 seminis
988 1398 1124 1467 ruptura
1148 1391 1203 1446 vi·
1240 1456 1247 1465 ,

108 1518 111 1525 .
146 1460 246 1540 rides,
274 1467 435 1523 nutritioni
470 1466 614 1524 foliorum
647 1465 896 1543 primordialium
923 1486 1033 1544 parum
1068 1470 1217 1528 inse1·vi-·

146 1558 248 1622 entes,
273 1565 371 1621 urnae
394 1547 430 1601 iis
449 1547 608 1622 productis
630 1545 774 1603 deciduas
796 1567 878 1620 esse,
900 1547 1023 1626 jamjam
1052 1551 1201 1613 vidimus,

164 1696 167 1703 ·
231 1672 263 1730 Si
288 1672 392 1748 itaque
424 1672 606 1748 germinatio
639 1664 860 1752 Lupinorum‘
882 1690 951 1728 -non
989 1683 1109 1734 tantum
1135 1698 1200 1738 non

96 1768 120 1783 ”
143 1755 325 1815 affinitatem
351 1772 422 1809 cum
461 1749 654 1811 Hlaaeolet's·
686 1754 823 1822 indicat,
854 1753 907 1808 sed
946 1759 1050 1830 potius
1084 1778 1135 1814 eos
1156 1757 1203 1817 ab

59 1830 62 1834 ’
144 1841 181 1896 iis
204 1833 406 1894 removendos
434 1852 496 1890 esse
514 1832 644 1904 suadet,
677 1832 777 1891 multo
804 1835 904 1889 minus
929 1833 979 1890 alii
1005 1835 1203 1899 characteres

145 1917 397 1995 conjunctionem
423 1933 494 1970 cum
520 1916 557 1971 iis
577 1934 703 1993 poscere
726 1913 880 1972 videntur.
925 1914 1062 1974 Stamina
1087 1937 1201 1979 eorum

146 1995 379 2075 monarlelplra,
401 1994 543 2054 orarium
569 1995 630 2052 basi
646 1986 774 2066 aridum,
789 1996 862 2063 lolia
884 1997 1097 2074 primordialia
1119 2018 1202 2080 saepe
1239 2024 1243 2035 ·

146 2083 286 2141 alterna.
307 2073 413 2133 caules
435 2078 588 2133 rarissime
611 2082 658 2149 (an
683 2095 830 2152 umquam
845 2075 873 2147 Ρ)
907 2077 1058 2134 volubiles
1082 2085 1114 2136 et
1137 2079 1200 2139 ba·

146 2165 231 2221 bitus
260 2159 349 2233 longe
379 2157 536 2230 diversus,
562 2177 612 2215 eos
639 2179 655 2216 a
682 2154 880 2216 Pltaeeoleia
905 2156 983 2214 bene
1003 2154 1222 2236 distingunt,

146 2255 177 2303 et
207 2240 304 2298 multo
343 2240 446 2318 potius
477 2238 657 2297 affinitatem
691 2259 763 2297 curu
803 2234 974 2304 Gem'steis
1012 2239 1201 2319 indigitant,

149 2324 220 2384 eum
250 2320 366 2401 quibus
396 2321 490 2379 etiam
523 2320 749 2398 germinatione
788 2322 987 2379 conveniunt.
1032 2321 1121 2379 Alius
1145 2322 1200 2380 in-

148 2425 241 2484 super
266 2404 360 2459 etiam
383 2401 561 2477 character,
590 2404 644 2480 qui
674 2402 722 2459 vel
747 2400 853 2465 oculos
881 2403 1116 2462 observatorum
1142 2404 1198 2460 lu·-

148 2488 215 2567 git,
244 2484 311 2557 vel,
336 2493 371 2541 ut
400 2484 699 2555 minorisuromenti
723 2481 930 2556 existimatus,
965 2483 1123 2561 neglectus
1146 2484 1201 2542 su-

149 2574 191 2643 it,
216 2567 296 2625 banc
333 2566 516 2623 sententiam
544 2580 601 2626 non
629 2573 739 2645 parum
768 2564 970 2623 corroborare
995 2565 1136 2622 videtur:
1160 2568 1201 2626 de

147 2646 215 2714 alis
237 2652 364 2727 inquam
389 2646 695 2725 loreolam-plicatis.
736 2644 903 2705 Cb'aracter
931 2643 1000 2719 hic,
1022 2656 1201 2724 quantum·

148 2726 281 2810 ¹c'urnqne
306 2731 375 2787 vilis
396 2737 426 2787 et
449 2729 597 2788 fortuitus
622 2731 783 2801 videatur,
806 2736 909 2801 tamen
935 2749 994 2786 non
1019 2737 1140 2784 tantum
1167 2731 1200 2789 in
1245 2770 1247 2793 =

122 2816 209 2875 ··boc
242 2831 352 2890 genere
385 2810 444 2868 sibi
476 2832 593 2890 semper
627 2819 762 2881 constat,
795 2811 850 2873 sed
886 2811 979 2865 etiam
1004 2811 1033 2864 in
1059 2807 1214 2886 pluribus.

135 2897 214 2956 ³aliis
238 2893 463 2971 Papilionaceis
487 2913 660 2969 numquam
682 2889 884 2951 desideratur.
933 2890 964 2946 lu
984 2891 1156 2948 Crotalaria
1170 2900 1203 2951 el

148 2977 275 3036 Genista
289 2974 444 3054 praecipue
464 2976 611 3048 eminens,
635 2993 734 3052 neque
747 2972 778 3027 in
791 2972 900 3029 ceteris
921 2973 1071 3030 Gcnisteis
1093 2972 1203 3052 deest,
1234 2988 1238 2995 ’

148 3056 231 3121 licet'
252 3056 281 3116 in
306 3054 353 3114 bis
375 3054 525 3130 gradatim
547 3057 713 3113 evanescit.
751 3048 856 3110 Etiam
884 3055 915 3110 in
932 3052 1088 3111 nonnullis
1110 3052 1201 3115 eSo-

147 3141 339 3222 phorearum
356 3136 445 3194 tribu
468 3139 646 3213 invenitur,
666 3147 714 3209 et,
735 3142 771 3191 ul
787 3135 987 3209 crediderim,
1010 3136 1039 3192 in
1059 3136 1095 3193 iis
1117 3150 1202 3214 prm·-

102 3248 107 3254 ’
147 3225 238 3300 cipue
263 3217 447 3297 generabile,
481 3241 550 3296 quae
581 3215 768 3276 staminibus
799 3215 996 3287 subconnatis
1031 3217 1201 3279 transitum

145 3305 186 3365 ad
218 3303 376 3360 Genistcas
407 3299 661 3376 quoddammodo
690 3299 839 3356 formant.
886 3299 919 3354 ln
948 3297 1141 3374 Phaseoteis,
1168 3311 1204 3361 et

150 3390 180 3461 in
208 3384 318 3442 ceteris
340 3380 581 3459 Papilionaeeis,
605 3401 683 3458 quos
709 3378 768 3438 boc
790 3389 931 3461 respectu
953 3380 1127 3440 examinare
1158 3383 1204 3443 li·

149 3471 233 3541 cuit,
258 3481 430 3539 numquam
450 3482 513 3541 ¹rtou
540 3461 742 3521 desideratur.

236 3573 371 3651 Lupinos
404 3573 501 3648 igitur
529 3593 545 3629 a
578 3570 772 3647 Pliaseoleis,
802 3570 915 3650 qrribus
950 3592 1012 3630 una
1050 3594 1125 3632 voce
1159 3577 1206 3638 ub

150 3657 294 3721 omnibus
315 3654 506 3727 referuntur,
533 3655 739 3713 removendos
761 3664 791 3711 et
814 3654 1037 3712 adsGeniueas
1064 3659 1207 3718 transfe-

147 3741 257 3805 rendos
279 3757 370 3823 esse,
386 3736 479 3795 nullis
501 3735 602 3795 dubiis
626 3757 737 3796 vacare
761 3738 1013 3797 existimaverim.
